2790 4800
129 259 191 323 172
512 252 561 306 DE
579 251 731 306 NATURA
750 251 913 308 DEORUM.

127 418 195 483 eius
226 418 297 484 viae
326 417 505 502 pertinent3
538 439 596 501 per
626 439 706 501 quas
734 417 845 501 lapsus
875 417 966 481 cibus
989 416 1026 480 in
1047 415 1111 481 hoc
1133 416 1208 501 ipso
1231 416 1299 482 loco

126 508 162 571 in
185 530 256 572 eam
278 529 408 590 venam,
432 528 514 591 quae
539 528 617 570 cava
639 506 836 590 appellatur,
860 505 1069 570 confunditur
1091 527 1215 590 perque
1235 527 1300 570 eam

127 596 168 660 ad
192 619 247 661 oor
271 595 437 661 confectus
461 595 527 659 iam
551 599 727 681 coctusque
750 595 946 679 perlabitur,
974 618 993 658 a
1017 595 1112 659 corde
1136 595 1300 659 autemin

127 689 235 750 totum
259 707 376 769 corpus
401 683 610 757 distribuitur
632 707 691 768 per
712 706 812 748 venas
837 684 1011 748 admodum
1035 684 1156 748 multas
1181 683 1218 748 in
1241 705 1300 748 om-

67 790 117 841 138
128 796 186 838 nes
222 779 332 859 partes
371 773 515 857 corporis
552 773 763 857 pertinentes.
816 771 920 848 Quem
957 773 997 837 ad
1029 773 1162 837 modum
1196 777 1326 838 auteme

130 863 287 948 reliquiae
324 862 389 927 cibi
426 861 629 946 depellantur
665 865 736 926 tum
769 862 1028 947 astringentibus
1061 884 1095 926 se
1127 861 1301 947 intestinis,

131 957 201 1016 tum
233 951 468 1035 relaxantibus,
500 951 587 1015 haud
619 974 697 1016 sane
727 951 860 1016 difficile
883 951 972 1016 dictu
1010 955 1073 1035 est,
1106 951 1164 1015 sed
1196 956 1302 1016 tamen

131 1041 402 1126 praetereundum
425 1045 488 1124 est,
510 1061 551 1104 ne
575 1040 653 1125 quid
675 1040 795 1105 habeat
817 1039 1065 1105 iniucunditatis
1087 1040 1204 1105 oratio.
1246 1040 1302 1106 Illa

131 1130 242 1214 potius
261 1130 440 1214 explicetur
457 1128 657 1194 incredibilis
676 1129 800 1194 fabrica
813 1134 964 1194 naturae:
986 1151 1063 1194 nam
1082 1151 1165 1214 quae
1185 1128 1301 1213 spiritu

131 1219 166 1283 in
201 1219 371 1303 pulmones
408 1218 517 1282 anima
551 1218 694 1303 ducitur,
731 1241 768 1283 ea
801 1218 933 1283 calescit
972 1218 1116 1303 primum
1148 1217 1223 1302 ipso
1265 1217 1301 1282 ab
1317 1237 1337 1277 o

130 1308 263 1393 spiritu,
286 1307 399 1372 deinde
424 1307 620 1390 contagione
643 1308 848 1392 pulmonum,
872 1329 912 1371 ex
935 1329 1036 1392 eaque
1059 1329 1135 1391 pars
1160 1305 1302 1371 redditur

128 1396 332 1482 respirand0,
360 1419 436 1481 pars
465 1396 649 1480 concipitur
676 1396 781 1462 cordis
809 1401 903 1480 parte
931 1396 1084 1482 quadam,
1113 1418 1212 1480 quem
1234 1418 1303 1460 ven-

129 1486 284 1551 triculum
321 1485 427 1550 cordis
464 1485 645 1570 appellant,
683 1486 736 1550 cui
772 1485 889 1550 similis
927 1485 1010 1549 alter
1042 1484 1215 1550 adiunctus
1249 1489 1303 1568 est,

129 1576 164 1639 in
196 1597 292 1660 quem
325 1575 459 1659 sanguis
492 1598 511 1638 a
543 1574 649 1639 iecore
681 1597 739 1659 per
771 1597 887 1639 venam
918 1574 1010 1638 illam
1038 1595 1151 1638 cavam
1182 1573 1302 1658 influit5

130 1685 232 1749 eoque
264 1663 360 1728 modo
387 1678 437 1727 'ex
468 1662 521 1727 his
549 1663 699 1747 partibus
728 1667 761 1728 et
789 1663 922 1749 sanguis
946 1685 1005 1747 per
1027 1685 1126 1729 venas
1150 1662 1186 1726 in
1211 1684 1301 1728 omne
1318 1681 1338 1722 c

131 1775 247 1836 corpus
280 1752 472 1817 diffimditur
504 1757 537 1816 et
569 1752 705 1836 spiritus
732 1775 790 1837 per
813 1752 959 1817 arterias.
1006 1751 1173 1836 Utraeque
1198 1757 1304 1817 autem

131 1842 261 1906 crebrae
294 1842 480 1926 multaeque
513 1845 584 1906 toto
618 1862 752 1925 corpore
784 1842 929 1906 intextae
961 1841 1029 1906 vim
1062 1840 1227 1926 quandam
1258 1841 1303 1905 in·

70 1948 119 1998 139
131 1930 317 1996 credibilem
345 1930 515 1995 artificiosi
543 1930 650 2014 operis
678 1930 844 2015 divinique
872 1935 1044 1995 testantur.
1092 1928 1178 2005 Quid
1202 1930 1304 1994 dicam

131 2020 169 2084 de
207 2019 358 2084 ossibus?
399 2042 482 2105 quae
521 2019 668 2084 subiecta
705 2019 833 2104 corpori
870 2019 1037 2084 mirabiles
1075 2019 1304 2083 commissuras

129 2109 253 2173 habent
290 2113 323 2172 et
355 2109 395 2173 ad
428 2108 643 2173 stabilitatem
676 2113 770 2193 aptas
804 2113 837 2172 et
869 2108 910 2173 ad
942 2113 1033 2173 artus
1065 2107 1228 2172 finiendos
1259 2130 1304 2172 ae·
1320 2128 1342 2168 n

131 2197 353 2262 commodatae
386 2202 419 2262 et
450 2198 492 2262 ad
523 2203 650 2263 motum
683 2202 715 2262 et
747 2198 788 2262 ad
812 2219 942 2262 omnem
966 2197 1111 2281 corporis
1135 2197 1304 2262 actionem.

130 2286 203 2351 Huo
232 2286 312 2350 adde
340 2308 470 2371 nervos,
498 2286 658 2371 aquibus
683 2291 774 2351 artus
799 2287 1021 2371 continentur,
1050 2307 1229 2370 eorumque
1251 2286 1306 2350 im·

170 2592 193 2640 1.
213 2587 272 2642 eins
291 2602 329 2640 sc.
343 2585 497 2656 sanpntnis
745 2585 824 2641 linke
849 2586 978 2655 dagegen
999 2583 1175 2654 πνευματική
1199 2585 1305 2652 (Galen.

168 2691 258 2730 omnes
279 2676 339 2755 niue
363 2675 514 2755 pertinent,
541 2673 622 2728 nicht
645 2673 691 2729 die
745 2660 870 2727 1¹⁸·Pafl·
882 2658 927 2725 Vb
939 2663 973 2726 7).
992 2656 1020 2710 S·
1032 2663 1047 2722 i
1060 2663 1109 2711 136
1121 2656 1167 2711 die
1177 2656 1305 2712 Bemert·

131 2746 235 2812 Leber,
277 2762 330 2798 une
368 2745 414 2798 d1e
448 2745 532 2799 Alten
570 2745 691 2815 mainan,
747 2747 769 2783 Ζ·
785 2745 838 2784 θθΥ-

132 2817 254 2871 sondern
273 2816 323 2870 das
342 2816 413 2870 Hera
436 2816 474 2870 ist
497 2817 547 2870 das
566 2816 691 2871 Zeutral·
783 2807 826 2855 ¹5·
857 2801 973 2869 spirim
999 2815 1051 2868 W
1078 2800 1204 2880 ‘trierim-
1255 2799 1306 2853 Die

132 2905 220 2958 organ
239 2888 284 2942 ffir
302 2888 353 2941 das
373 2887 542 2944 Venenblut,
747 2872 832 2925 Alton
850 2871 994 2940 glaubten
1015 2868 1072 2924 dall
1091 2888 1121 2922 111
1141 2871 1196 2924 den
1209 2870 1306 2925 Veneu

747 2942 822 3010 Blut,
833 2943 963 3011 dagegen
982 2941 1010 2994 in
1025 2941 1081 2995 den
1095 2941 1228 2995 Arterien
1240 2940 1307 2995 Luft

133 3050 182 3104 der
196 3057 281 3119 porto
298 3051 396 3104 iecoris
414 3048 539 3102 befindet
562 3049 622 3103 sich
646 3049 692 3104 die
747 3031 814 3138 ffin
833 3011 1307 3139 ἒξὲῃωῖξέξὲῃ(13ἓὲᾓάᾝῇΤῖἓὲ

132 3118 509 3261 ζῖἑῖωἶαυὲέῳῗΐθῂξῦᾅηῄθ
533 3121 611 3175 vene
644 3121 694 3175 der
748 3156 807 3209 leer
826 3155 908 3243 land,
928 3155 1061 3209 wbhrend
1081 3154 1237 3236 dicVenen
1256 3155 1308 3209 mit

468 3235 474 3248 '
748 3227 816 3281 Blut
834 3227 937 3297 gefullt
954 3243 1056 3280 waren.
1082 3226 1187 3280 Dresen
1206 3227 1307 3280 Irrtum

169 3287 194 3335 3·
230 3283 366 3348 ⁶⁰ttf⁶⁶ltt³
407 3287 548 3349 COCWW
585 3283 692 3366 (⁰th
746 3299 798 3352 hat
816 3300 908 3352 zuerst
921 3297 1011 3352 Galen
1025 3297 1114 3351 durch
1128 3296 1308 3352 Vivisektion

133 3350 215 3404 Nach
239 3352 302 3404 dem
330 3350 582 3420 vorhergehenden
610 3369 638 3406 sc
661 3370 693 3407 en
746 3369 903 3438 widffiqegt,

133 3424 296 3492 sanquinem
313 3429 422 3476 vertunt
440 3423 519 3476 hatte
544 3440 610 3477 man
633 3423 691 3478 ein·
784 3447 825 3495 19,
845 3442 966 3495 summa
1008 3439 1062 3493 wie
1090 3439 1207 3494 spitze„
1239 3439 1309 3494 oder

133 3493 200 3546 sach
217 3495 332 3562 sanpne's
350 3494 488 3547 erwartet.
748 3511 950 3581 Tragepfefler,
971 3483 980 3508 '

170 3588 195 3635 4.
209 3598 262 3651 per
279 3598 378 3648 venos,
403 3581 589 3636 bekanntlich
615 3581 694 3637 nieht
784 3584 991 3650 eorrznzisanrus,
1028 3581 1155 3652 gemeint
1188 3581 1228 3636 ist
1260 3582 1310 3636 der

134 3653 224 3707 durch
256 3653 302 3707 die
327 3652 431 3714 Venen,
459 3654 579 3708 sonitem
605 3653 693 3707 durch
747 3653 916 3724 knorpelige
934 3642 1065 3722 llberzug
1087 3654 1158 3707 fiber
1181 3653 1237 3707 den
1254 3652 1308 3707 Ge-

135 3725 180 3779 die
195 3723 332 3792 Arteman,
352 3724 437 3778 deren
451 3723 630 3779 Funktionen
648 3724 693 3778 die
747 3725 859 3781 lenken,
888 3724 958 3780 Cels.
974 3725 1049 3791 VIII,
1062 3732 1089 3778 l:
1108 3725 1236 3796 ipnornn'
1252 3741 1310 3779 non

134 3797 220 3850 Alton
238 3795 317 3850 nieht
336 3795 472 3851 kannten.
748 3803 850 3866 oportet
859 3797 984 3866 plurima
1002 3813 1062 3851 osso
1076 3797 1108 3849 in
1118 3797 1308 3866 canilepinem

170 3874 194 3922 9.
213 3869 323 3934 fabrico
337 3863 575 3922 ‘Mechanismus'.
748 3869 876 3935 manne,
895 3866 1004 3922 nnllnn
1018 3868 1167 3922 articulum
1190 3884 1248 3922 non
1269 3868 1310 3920 cie

171 3957 248 4006 nom,
268 3957 288 3992 s.
304 3940 325 4006 I,
336 3945 369 3994 25
384 3958 405 3994 z.
422 3940 522 3994 Thales
539 3939 619 3993 enim.
748 3941 834 4006 finiri.
853 3938 1200 4008 Neqneeninontnrooeri
1209 3945 1309 4008 poscet,

172 4017 212 4065 10.
232 4013 292 4080 ipso
316 4013 352 4065 ab
370 4012 488 4079 spiritu,
515 4025 613 4078 wegen
637 4009 695 4078 ipse
748 4012 806 4064 nisi
824 4011 875 4065 leci
888 4011 1068 4077 inniteretur,
1088 4016 1138 4064 ant
1152 4026 1214 4064 euni
1228 4026 1311 4064 corne

136 4083 232 4149 stab
248 4101 269 4135 z.
289 4083 351 4150 ipsa
369 4097 453 4149 nens,
472 4098 569 4151 wegen
585 4083 619 4135 ab
635 4087 693 4146 §92
748 4083 891 4150 neruisque
910 4082 1050 4150 coninnpi,
1076 4082 1133 4135 nisi
1162 4097 1194 4134 ea
1220 4081 1310 4135 medio

134 4172 156 4207 z.
172 4156 339 4223 constuprare
357 4171 382 4207 a.
749 4154 882 4221 quaedam
922 4155 1037 4207 nzotnta
1079 4153 1310 4207 committeret.

173 4231 213 4278 12.
230 4226 319 4280 cordis
328 4231 410 4293 parte
419 4225 538 4292 quodam
549 4256 582 4264 -
593 4224 693 4292 influit.
749 4223 836 4293 Roby.
850 4223 914 4293 Vgl.
930 4229 945 4288 ξ
962 4230 1028 4278 15οε
1046 4223 1210 4294 Dipe'tornm
1220 4223 1311 4278 mones

135 4294 198 4349 Von
235 4296 290 4348 den
332 4295 436 4349 beiden
477 4295 695 4349 Herzkammern
749 4296 947 4350 commissuras.

135 4364 241 4419 hiellen
255 4366 527 4436 dementsprechend
542 4367 588 4420 die
598 4367 695 4420 rechte
784 4373 828 4440 22.
856 4382 964 4433 uncos,
988 4364 1051 4420 hier
1069 4365 1178 4421 sowohl
1197 4365 1312 4420 Sehnen

134 4434 269 4507 abiectas}
298 4439 357 4508 (τῆς
380 4439 499 4507 καρδίας
517 4439 629 4507 κοιλία),
649 4435 695 4491 dic
749 4437 791 4491 als
809 4437 935 4506 Nerven,
954 4443 1080 4504 s.§136.

167 2980 199 3032 e'n
216 2979 266 3033 boc
288 2979 348 3047 ipso
375 2978 439 3033 loco.
475 2978 508 3031 In
541 2977 591 3032 der
611 2977 692 3032 N‘ahe
