2790 4800
159 250 223 315 114
540 241 589 297 DE
608 242 762 297 NATURA
780 241 944 299 DEORUM.

70 454 106 493 p„
139 408 301 494 -pientem
321 430 392 473 esse
416 407 573 472 mundum
586 427 718 471 necesse
741 409 808 491 est,
830 411 1047 492 naturamque
1066 428 1152 491 eam,
1175 429 1258 493 quae
1282 429 1336 472 res

158 519 269 562 omnes
294 497 462 582 complexa
485 498 611 579 teneat,
637 494 838 579 perfectione
866 496 1003 561 rationis
1033 497 1202 581 excellcre,
1232 518 1336 582 eoque

56 569 70 609 Ἰ
140 569 252 678 (deum
276 609 346 651 esse
370 585 542 668 mundum,
566 605 759 669 omnemque
782 584 848 649 vim
868 585 981 649 mundi
999 589 1117 650 natura
1136 585 1247 650 divina
1261 607 1336 650 con·

66 662 74 689 ⁸
157 675 264 740 tineri.
278 674 388 760 Atque
399 674 498 739 etiam
513 673 625 737 mundi
639 673 695 737 ille
708 672 817 738 fervor
825 674 948 758 purior,
957 673 1154 758 perlucidior
1164 674 1333 739 mobilior·

157 786 219 850 quc
243 769 286 828 esc
308 765 412 828 multo
437 763 478 827 ob
503 784 621 847 easque
650 784 764 827 causas
788 762 896 846 aptior
920 763 960 828 ad
988 785 1102 828 sensus
1131 783 1365 828 commovens

157 853 216 918 dos
241 875 340 938 quam
362 851 416 917 hic
439 855 552 916 noster
572 851 669 935 calor,
692 872 756 935 quo
780 849 873 935 hacc,
906 873 988 936 quae
1019 855 1100 917 nota
1126 852 1223 917 nobis
1248 856 1335 938 sunt,

105 953 137 1002 31
158 941 341 1006 retinentur
360 944 393 1005 et
411 941 532 1026 vigent.
556 939 743 1004 Absurdum
761 939 865 1024 igitur
884 944 934 1005 est
953 941 1072 1025 dicere,
1091 962 1165 1005 cum
1182 940 1334 1007 homines

158 1029 347 1114 bestiaeque
369 1028 432 1094 hoc
455 1029 562 1094 calore
593 1032 767 1093 teneantur
799 1033 833 1093 et
864 1033 1039 1114 prepterea
1070 1034 1264 1095 moveantur
1296 1053 1335 1096 ac

159 1119 316 1203 sentiant,
339 1118 495 1183 mundum
519 1139 589 1182 esse
613 1117 683 1181 sine
710 1139 822 1202 sensu,
853 1117 910 1201 qui
938 1118 1069 1204 integro
1101 1122 1134 1183 et
1163 1100 1363 1268 liberox,

157 1229 240 1292 puro
265 1208 440 1291 eodemque
460 1206 618 1271 acerrimo
638 1209 671 1270 et
689 1205 907 1270 mobilissimo
927 1207 1041 1272 ardore
1060 1210 1220 1292 teneatur,
1242 1220 1335 1292 prae
1365 1229 1380 1268 o

136 1296 273 1361 ,sertim
296 1318 370 1360 cum
392 1296 420 1360 is
449 1295 559 1380 ardor,
592 1295 648 1380 qui
680 1298 731 1360 cst
763 1294 889 1379 mundi,
919 1316 988 1360 non
1017 1296 1163 1382 agitatus
1195 1297 1237 1362 ab
1268 1296 1334 1362 alio

156 1407 261 1470 neque
286 1390 419 1450 externo
443 1385 554 1468 pulsu,
577 1384 634 1448 sed
655 1406 714 1468 per
733 1405 767 1448 se
790 1384 860 1468 ipse
884 1405 922 1448 ac
941 1407 1000 1449 sua
1018 1388 1135 1469 sponte
1154 1390 1334 1450 moveatur.

158 1471 244 1538 Nam
269 1473 346 1559 quid
374 1477 485 1558 potest
518 1495 588 1537 esse
621 1471 741 1537 mundo
772 1473 948 1558 valentius,
981 1474 1068 1559 quod
1099 1474 1202 1559 pellat
1234 1479 1335 1560 atque

98 1529 139 1667 1}
158 1566 288 1627 moreat
321 1562 461 1627 calorem
493 1583 581 1645 eum,
618 1584 682 1646 quo
715 1561 770 1626 ille
802 1562 975 1626 teneatur?
1031 1561 1213 1628 Audiamus
1245 1563 1335 1628 enim

105 1621 121 1669 ³
157 1649 330 1716 Platonem
354 1651 447 1735 quasi
471 1651 632 1736 quendam
650 1651 746 1714 deum
764 1649 1048 1737 philosophorum,
1072 1651 1123 1717 cui
1143 1652 1206 1717 duo
1225 1652 1336 1737 placet
1355 1673 1382 1714 rs

159 1761 229 1805 esse
253 1744 376 1824 motus,
398 1761 500 1803 unum
523 1761 631 1824 suum,
655 1739 795 1804 alterum
818 1744 1001 1824 externum,
1027 1763 1097 1805 esse
1120 1745 1233 1805 autem
1255 1742 1336 1807 divi-

157 1828 245 1913 nius,
269 1829 356 1914 quod
384 1828 492 1912 ipsum
525 1850 563 1892 ex
596 1850 630 1893 se
663 1850 722 1892 sua
754 1833 870 1912 sponte
900 1834 1082 1914 moveatur,
1115 1852 1214 1915 quam
1246 1831 1335 1916 quod

108 1917 256 2002 «pulsu
279 1917 423 2003 agitetur
451 1917 566 1981 alieno.
611 1915 709 1982 Hunc
739 1921 848 1981 autem
879 1922 1006 1982 motum
1038 1918 1073 1982 in
1104 1918 1182 1984 solis
1213 1919 1334 1984 animis

159 2028 229 2071 esse
252 2006 359 2091 ponit,
383 2006 423 2070 ab
446 2005 563 2090 hisque
592 2004 790 2090 principium
819 2010 928 2071 motus
959 2028 1030 2071 esse
1061 2007 1196 2072 ductum
1227 2013 1336 2092 putat.

11 2106 77 2141 W
100 2092 138 2157 ¹3¹·
160 2093 379 2180 Quapropter,
402 2095 556 2180 quoniam
584 2095 758 2181 exumundi
790 2094 904 2179 ardore
936 2100 1045 2160 motus
1079 2095 1185 2161 omnis
1219 2097 1335 2183 oritur,
1354 2121 1383 2160 ao

18 2188 104 2235 -''·'·
158 2183 186 2249 is
210 2188 320 2249 autem
343 2184 440 2248 ardor
461 2206 528 2248 non
551 2174 657 2248 alieno
680 2179 838 2267 impulsu,
867 2183 923 2247 sed
944 2189 1155 2274 §pappo-nte*
1174 2190 1335 2272 movetur,

11 2327 33 2353 m
58 2320 70 2353 q
78 2323 83 2343 .
146 2273 286 2337 :animus
311 2272 355 2336 sit
376 2294 508 2337 necesse
532 2277 595 2358 cst,
618 2294 657 2336 cx
681 2293 745 2357 quo
769 2271 910 2337 efficitur
933 2265 1134 2338 am‘Ynantcm
1154 2297 1226 2340 esse
1243 2298 1337 2341 mun·

21 2340 36 2357 .
81 2348 84 2363 ⁵
131 2360 245 2469 Xdum.
290 2359 400 2445 Atque
423 2383 462 2425 cx
484 2360 546 2425 hoc
571 2383 699 2446 quoque
722 2360 872 2447 intellegi
894 2362 1019 2445 poterit
1041 2362 1077 2426 in
1095 2384 1133 2427 eo
1156 2364 1265 2430 inesse
1287 2365 1335 2429 in·

83 2490 89 2503 -
143 2448 399 2537 ξῒθΙΙθςθηῒίειηι,
423 2449 509 2534 quod
534 2455 620 2515 certe
644 2454 695 2514 est
713 2450 852 2515 mundus
872 2450 988 2514 melior
1007 2473 1106 2536 quam
1119 2453 1187 2517 ulla
1205 2457 1335 2519 natura.

196 2648 221 2695 3.
244 2658 348 2696 omnem
375 2643 429 2696 cim
454 2642 552 2695 orandi
570 2667 597 2686 =
615 2658 719 2697 omnem
774 2641 856 2696 Tusa.
871 2642 979 2709 lv,1s:
998 2644 1086 2699 uinus
1103 2645 1166 2714 ipsa
1176 2661 1336 2714 percaeca

106 2728 110 2733 ’
159 2714 300 2767 mundam.
315 2742 348 2752 -
362 2720 480 2777 natura,
498 2713 547 2765 der
560 2711 647 2766 blolle
662 2713 718 2767 Ab·
773 2719 866 2782 sponte
884 2715 1041 2769 laudabilis.

82 2790 85 2795 '
160 2784 294 2837 lat.statt
312 2801 342 2851 a,
362 2782 414 2836 wie
434 2789 492 2848 §42
515 2800 581 2852 qao,
601 2788 648 2837 85:
668 2802 718 2838 aa·
809 2790 851 2839 14.
884 2786 1040 2840 Audiamus
1071 2787 1144 2840 euim
1174 2787 1337 2857 begrcnder

66 2884 87 2892 -·
159 2861 224 2909 tura
241 2855 374 2908 muudum
392 2856 592 2908 administrari.
773 2854 829 2908 den
847 2855 1003 2910 vorletzten
1022 2857 1095 2912 Sata.

196 2931 211 2979 5
239 2927 277 2979 ad
294 2941 389 2980 scasas
407 2927 614 2981 commovendos.
652 2926 718 2980 Man
810 2932 850 2980 15.
870 2929 950 2981 deum
969 2929 1205 2998 philosophorum,
1225 2930 1335 2985 sowohl

160 2998 291 3050 erwartet
309 2997 548 3064 adsentiendum,
568 2998 642 3050 denn
662 2996 718 3051 dall
772 2995 812 3050 im
836 2997 922 3051 Sinna
948 2996 1072 3067 Ciceros,
1106 2999 1149 3053 als
1177 3001 1250 3053 auch
1285 3002 1335 3055 der

160 3084 189 3121 es
208 3068 270 3121 sich
288 3067 347 3122 hier
367 3068 447 3121 nicht
465 3068 573 3121 sowohl
596 3085 644 3121 um
671 3067 717 3122 die
769 3067 909 3137 jungerer
935 3069 1058 3135 Stoilrer‚
1089 3068 1143 3123 wie
1172 3069 1332 3140 Panaetius,

160 3139 305 3207 Erregung
315 3139 365 3192 der
375 3138 467 3206 Sinna
481 3138 522 3192 als
532 3156 579 3192 um
590 3139 641 3192 das
649 3139 717 3193 Ver·
771 3138 946 3207 Posidonius,
960 3139 1005 3193 die
1016 3140 1078 3194 eine
1088 3144 1334 3212 ausgesprochene

159 3209 719 3336 assarentur}liar
772 3210 1063 3338 tretilius
1077 3213 1335 3340 traduat

160 3349 228 3419 stoff
239 3325 384 3417 derelt,
400 3351 450 3403 der
464 3350 605 3404 identisch
619 3351 657 3405 ist
666 3351 719 3406 mit
772 3352 830 3405 und
844 3325 943 3423 wegcrl
957 3354 1006 3406 des
1020 3353 1267 3424 metaphorischen
1279 3355 1332 3411 Ge·

161 3419 374 3486 derWeltseele,
387 3420 425 3474 ist
433 3437 529 3489 wegen
539 3421 630 3475 dieser
637 3423 716 3477 Fein·
772 3423 910 3478 branchos
929 3423 979 3478 des
993 3423 1106 3479 Wortes
1120 3426 1187 3480 deus
1201 3426 1296 3492 Quint.
1311 3427 1332 3494 1,

160 3491 220 3544 heit
232 3490 603 3560 undReinheitgeeigneter
612 3495 718 3548 audem
775 3501 851 3562 10,sz
875 3497 924 3563 qai
946 3497 983 3549 sit
999 3498 1114 3564 futurus
1132 3505 1335 3553 consummatus

160 3564 297 3615 zartcslen
306 3562 473 3631 Empfinden
488 3563 529 3616 als
544 3563 590 3617 die
600 3581 651 3617 uns
661 3566 717 3619 und
771 3567 893 3634 undique
906 3572 944 3633 ct,
960 3573 992 3622 ut
1005 3568 1115 3635 diccmt,
1134 3571 1260 3624 mortalis
1273 3571 1333 3639 qui·

160 3649 259 3686 unsere
285 3633 401 3687 ntchste
429 3633 593 3703 Unigebung
619 3636 719 3689 durch·
774 3637 837 3691 dam
856 3639 929 3691 deus.

160 3705 437 3772 dringendeW'arme
450 3707 506 3772 (hic
519 3713 610 3760 noster
623 3709 719 3775 calor).
810 3709 856 3761 cui
871 3739 902 3748 -
913 3709 1018 3776 placet,
1041 3708 1159 3764 Phaedr.
1173 3727 1202 3778 p.
1224 3715 1277 3766 245
1294 3707 1333 3779 9.,

196 3782 219 3830 7.
237 3779 390 3831 retinentur
402 3802 428 3820 =
444 3784 646 3845 conservantur,
666 3778 719 3831 uie
774 3776 836 3830 eine
846 3777 942 3846 Stelle,
952 3780 1057 3833 welche
1068 3779 1165 3834 Cicero
1177 3779 1258 3836 Tusc.
1271 3782 1290 3848 1,
1298 3789 1334 3836 63

160 3847 273 3912 11,121;
299 3866 326 3916 p.
347 3847 416 3901 Mur.
436 3854 485 3902 30:
514 3850 548 3902 ab
573 3850 623 3903 hoc
647 3851 719 3903 euim
772 3849 829 3901 und
850 3849 884 3902 de
904 3868 924 3903 r.
939 3868 966 3918 p.
977 3850 1067 3917 vias
1086 3852 1236 3907 iibersetzt.

155 3919 237 3987 pacis
255 3925 415 3973 ornamenta
433 3921 593 3974 retineatur.
810 3926 851 3975 17.
870 3921 960 3988 ipsum
979 3938 1012 3976 ac
1034 3939 1061 3976 se
1078 3948 1105 3966 =
1123 3923 1214 3990 ipsam
1228 3939 1282 3992 per
1294 3940 1335 3991 se,

195 3996 219 4043 8.
238 3991 288 4044 hoc
306 3991 406 4055 colore,
427 3990 532 4043 welche
547 3991 614 4043 aber
629 3989 717 4059 quali·
772 3989 825 4044 wie
845 3991 890 4056 ΙΙΙ,
907 3997 949 4059 36,
970 3992 1005 4045 de
1023 3994 1071 4047 fin.
1092 3992 1125 4059 ΙΙ,
1141 3998 1189 4047 83:
1207 3995 1336 4050 amicitia

160 4061 230 4114 lativ
244 4061 427 4114 verschieden
442 4061 542 4114 istvon
553 4061 717 4130 derjenigen
771 4078 805 4115 ea
822 4078 850 4116 se
868 4070 892 4116 ct
906 4070 1019 4132 propter
1036 4081 1064 4118 se
1081 4066 1237 4132 repetenda.

159 4130 717 4200 W'arme,welchedieWeltdurchstrdmt.
808 4139 848 4187 19.
864 4135 945 4201 ponit
959 4160 986 4178 =
999 4136 1103 4189 doluit.

194 4210 338 4258 teneantur
352 4200 492 4257 ‘er-halten
510 4200 644 4271 werden’‚
665 4203 717 4256 wie
806 4209 848 4257 20.
861 4205 1031 4274 Quapropter·
1040 4209 1093 4259 etc.
1116 4205 1169 4259 Die
1178 4205 1334 4276 folgenden

158 4273 250 4340 ll‚83;
273 4280 329 4327 134.
771 4274 987 4345 Ausllihrungen
1006 4277 1069 4331 sind
1087 4275 1169 4330 nicht
1186 4277 1225 4331 im
1245 4277 1336 4333 Sinna

195 4349 236 4397 12.
252 4362 303 4413 per
320 4361 347 4399 ee
360 4346 417 4414 ipse
430 4361 464 4399 ac
477 4361 528 4398 sua
536 4351 640 4414 sponte,
655 4345 717 4399 eine
770 4343 875 4414 Platos,
892 4348 954 4400 dem
969 4348 1019 4402 der
1032 4347 1113 4403 Geist
1126 4349 1214 4402 etwas
1228 4348 1334 4404 durch·

159 4413 326 4483 Steigerung
363 4416 411 4468 des
449 4415 626 4469 Ausdruckes
663 4415 717 4470 wia
770 4432 820 4469 aus
839 4416 1049 4473 immaterielles
1067 4418 1114 4475 ist.
