2790 4800
159 250 223 318 152
545 245 594 299 mc
613 244 765 300 ulrum
783 243 949 300 nnouuu.

156 410 275 494 fertur,
307 414 378 475 tum
411 412 520 474 autem
554 413 723 474 concretus
755 408 791 473 in
822 409 925 473 nubes
959 408 1089 495 cogitur
1120 429 1335 494 umoremque

158 499 315 585 colligens
348 503 470 564 terram
502 502 601 585 auget
632 497 807 583 imbribus,
839 501 911 561 tum
939 497 1075 563 effluens
1102 497 1167 563 huc
1195 503 1228 563 et
1254 498 1333 563 illuc

156 591 273 653 ventos
297 587 407 652 efficit.
452 587 544 652 Idem
566 610 689 652 annuas
717 586 879 673 frigorum
903 590 936 651 et
960 586 1105 652 calorum
1127 586 1209 652 facit
1231 588 1334 652 varie·

157 680 257 763 tates,
288 677 438 761 idemque
469 680 504 741 et
534 676 664 741 volatus
694 677 810 740 alitum
838 676 980 741 sustinet
1008 680 1041 741 et
1069 676 1188 762 spiritu
1215 677 1332 741 ductus

93 768 139 834 40
158 766 218 832 alit
247 770 280 830 et
310 769 475 831 sustentat
503 764 694 830 animantes,
739 764 858 830 Restat
886 765 1023 830 ultimus
1052 770 1086 830 et
1112 789 1131 830 a
1159 764 1369 831 domiciliiss

157 855 280 920 nostris
304 854 483 919 altissimus
508 854 618 919 omnia
641 853 774 940 cingens
799 857 832 918 et
856 859 1006 920 co'e‘rcens
1031 855 1112 919 caeli
1136 855 1344 938 complexus,

158 944 215 1029 qui
237 943 324 1008 idem
346 944 459 1008 aether
480 947 629 1027 vocatur,
653 945 798 1008 extrema
821 965 879 1008 ora
902 946 935 1007 et
957 943 1186 1009 determinatio
1210 943 1337 1027 mnndi,

157 1033 193 1096 in
229 1055 293 1117 quo
331 1055 405 1098 cum
441 1031 696 1097 admirabilitate
732 1031 874 1096 maxima
909 1032 1025 1118 igneae
1061 1032 1185 1097 formae
1218 1053 1334 1097 cursus

96 1134 148 1183 102
159 1121 326 1187 ordinatos
350 1121 517 1186 definiunt.
563 1121 591 1185 Ε
616 1121 734 1206 quibus
758 1122 821 1206 sol,
849 1121 940 1186 ouius
964 1121 1190 1207 magnitudine
1217 1120 1335 1185 multis

156 1210 306 1295 partibus
330 1216 418 1276 terra
441 1214 626 1295 superatur,
660 1210 782 1274 circum
812 1233 883 1274 eam
915 1210 1022 1295 ipsam
1050 1210 1206 1294 volvitur,
1237 1210 1336 1295 isque
1356 1234 1383 1273 ro

158 1299 266 1364 oriens
291 1303 324 1364 et
347 1299 495 1365 occidens
519 1300 604 1364 diem
626 1303 821 1384 noctemque
845 1299 976 1365 conficit
1000 1303 1033 1363 et
1051 1299 1147 1373 modo
1168 1299 1336 1383 accedens,

157 1392 229 1453 tum
257 1392 367 1453 autem
394 1388 545 1453 recedens
569 1389 663 1453 binas
695 1388 731 1453 in
762 1387 900 1474 singulis
933 1388 1027 1453 annis
1059 1388 1261 1453 reversiones
1292 1388 1338 1452 ab

158 1482 303 1542 extremo
315 1478 494 1543 contrarias
508 1476 598 1562 facit,
613 1500 750 1562 quarum
764 1478 800 1541 in
812 1477 985 1542 intervallo
1000 1482 1071 1541 tum
1086 1477 1180 1562 quasi
1193 1477 1336 1542 tristitia

158 1566 298 1651 quadam
312 1565 478 1630 contrahit
491 1569 626 1651 terram,
649 1570 720 1631 tum
738 1566 883 1632 vicissim
901 1566 1070 1651 laetificat,
1093 1572 1131 1631 ut
1150 1589 1223 1630 cum
1243 1567 1337 1631 caelo

96 1653 299 1719 103hilarata
317 1655 474 1720 videatur.
509 1653 603 1719 Luna
621 1659 745 1740 autem,
769 1678 850 1740 quae
870 1659 933 1739 est,
956 1659 994 1720 ut
1012 1656 1189 1720 ostendunt
1207 1655 1335 1720 mathe-
1354 1678 1380 1718 rs

157 1743 284 1828 matini,
302 1743 407 1808 maior
421 1765 519 1828 quam
537 1743 672 1807 dimidia
689 1766 765 1827 pars
785 1749 904 1829 terrae,
926 1744 1031 1808 isdem
1050 1744 1165 1828 spatiis
1183 1749 1336 1830 vagatur,

158 1831 276 1917 quibus
301 1832 364 1915 sol,
388 1833 444 1897 sed
467 1836 539 1896 tum
562 1833 774 1919 congrediens
798 1855 871 1897 cum
895 1834 977 1918 sole,
1000 1837 1071 1897 tum
1095 1833 1281 1920 digrediens
1300 1838 1336 1898 et

158 1942 230 1985 eam
252 1922 372 2006 lucem,
395 1944 493 2006 quam
521 1945 540 1986 a
564 1922 631 1987 sole
664 1921 804 2006 accepit,
836 1922 942 1986 mittit
964 1923 1000 1986 in
1023 1927 1127 1988 terras
1159 1927 1192 1986 et
1223 1923 1333 1987 varias

156 2009 230 2094 ipsa
252 2010 334 2098 lucis
357 2011 556 2076 mutationes
578 2010 692 2095 habet,
715 2015 813 2096 atque
837 2010 936 2076 etiam
960 2015 1030 2076 tum
1060 2011 1207 2076 subiecta
1234 2015 1334 2096 atque

158 2099 312 2184 opposita
335 2099 397 2164 soli
420 2100 528 2165 radios
553 2100 621 2165 eius
646 2104 679 2164 et
698 2100 809 2164 lumen
823 2101 989 2186 obscurat,
1009 2101 1171 2184 tum-ipsa
1184 2100 1334 2165 incidens
1352 2123 1378 2163 ao

156 2187 192 2253 in
214 2189 364 2253 umbram
387 2193 506 2273 terrae,
530 2211 603 2253 cum
627 2193 677 2253 est
700 2211 717 2252 e
740 2189 874 2275 regione
897 2189 990 2274 solis,
1012 2189 1212 2273 interpositu
1234 2189 1335 2254 inter-

157 2275 309 2361 iectuque
333 2281 440 2341 terrae
462 2281 597 2362 repente
619 2277 737 2342 deficit.
783 2277 955 2362 Isdemque
979 2278 1095 2362 spatiis
1125 2300 1180 2343 eae
1208 2279 1336 2363 stellae,

159 2387 239 2450 quas
263 2387 363 2452 vagas
388 2365 539 2450 dicimus,
563 2365 684 2430 circum
708 2371 830 2431 terram
851 2366 1002 2431 feruntur
1031 2367 1207 2452 eodemque
1235 2368 1334 2433 modo

159 2453 310 2519 oriuntur
333 2458 366 2519 et
390 2454 554 2539 occidunt,
578 2478 716 2540 quarum
739 2459 848 2521 motus
872 2460 943 2520 tum
970 2456 1162 2540 incitantur,
1191 2460 1264 2521 tum
1286 2478 1336 2521 re

96 2544 343 2628 104tardantur,
366 2565 461 2627 saepe
485 2543 584 2608 etiam
606 2543 774 2610 insistunt.
820 2543 891 2620 Quo
915 2546 1102 2629 spectaculo
1119 2545 1204 2609 nihil
1222 2549 1336 2630 potest
1353 2567 1379 2609 ss

158 2631 381 2696 admirabilius
401 2653 485 2718 esse,
507 2632 591 2696 nihil
612 2633 792 2718 pulchrius.
822 2631 976 2719 Sequitur
1000 2635 1171 2700 stellarum
1190 2634 1337 2700 inerran-

194 2864 218 2914 2.
238 2860 359 2928 effluens.
374 2860 436 2914 Aet.
451 2859 611 2929 Plac.IlI‚5
627 2860 717 2930 (Diels
772 2859 883 2916 Ciceros
915 2861 1034 2933 Angabe
1076 2864 1192 2917 stammt
1229 2863 1336 2918 hochst

157 2947 184 3001 p.
201 2935 276 3000 sih:
309 2929 338 2985 oi
365 2930 488 2986 Στωικοὶ
515 2933 574 2987 πᾶν
604 2934 718 3004 πνεῦμα
771 2933 1008 2988 wahrscheinlieh
1028 2950 1077 2988 ans
1094 2933 1277 3002 Posidonius,
1298 2934 1336 2988 da

159 2997 242 3071 ἀέρος
261 2999 336 3056 εἶναι
354 2999 441 3072 ῥύσιν.
771 3003 939 3059 Kleomedes
949 3004 1065 3061 Meteon
1080 3025 1107 3075 p.
1117 3010 1150 3060 98
1164 3004 1218 3058 mit
1232 3002 1333 3060 Cicero

194 3078 218 3127 5.
238 3091 256 3126 a
275 3074 423 3129 domiciliis
440 3104 475 3114 -
490 3075 649 3140 ultisamas,
669 3091 717 3145 ge·
772 3075 999 3130 iibereinstimmt
1012 3077 1071 3131 und
1086 3079 1214 3143 ersterer,
1234 3077 1335 3130 wiser

158 3145 224 3212 sagi
241 3145 315 3198 nach
333 3144 472 3215 Analogie
491 3163 546 3200 von
559 3153 677 3201 remotus
690 3164 717 3201 a.
773 3147 863 3202 selbst
877 3149 949 3217 sagi,
969 3164 1019 3201 aus
1030 3146 1198 3202 Posidonius
1208 3147 1333 3218 scripu

195 3220 237 3268 11·
264 3216 343 3271 modo
371 3247 405 3257 -
432 3223 491 3272 mm
517 3223 622 3286 001808)
650 3236 672 3273 8·
695 3236 717 3272 ²·
807 3236 891 3290 isdem
900 3237 1006 3306 spatiis,
1027 3234 1176 3291 innerhalb
1192 3236 1242 3290 des
1255 3236 1334 3291 'lier-

158 3284 185 3351 Ῑ,
201 3291 244 3339 3¹·
645 3358 675 3370 ,,
773 3304 888 3361 kreises.
916 3307 1026 3376 Wegen
1037 3308 1086 3362 des
1095 3308 1189 3363 Ablat.
1206 3314 1298 3374 ew
1310 3327 1333 3364 a.

195 3360 236 3410 12.
245 3356 279 3410 ab
294 3362 410 3412 extremo
416 3398 425 3424 ,
435 3375 492 3412 von
502 3358 557 3411 den
568 3357 717 3413 Solstrtral-
771 3379 870 3447 spatii,
887 3379 1113 3434 immutabilibus,

157 3426 285 3497 1³¹³kassn
304 3442 362 3482 ³¹¹⁵·
399 3427 553 3498 181187·
809 3472 850 3520 19.
876 3469 997 3522 subiecta
1011 3469 1334 3537 atqaeopposita,wenn

114 3500 717 3641 t,statunculaethaeus
771 3537 848 3661 gg,
839 3537 975 3677 {013qu
992 3538 1336 3665 {ppunppnngpgg

158 3640 208 3694 des
216 3642 292 3694 meta
312 3639 462 3695 horischen
514 3643 585 3695 brau
599 3642 635 3695 he
697 3661 717 3696 n

156 3659 314 3768 uariari
332 3713 390 3782 νει.
412 3713 457 3766 ad.
471 3641 537 3768 ih
557 3659 622 3798 qi,
637 3659 718 3802 iiie
773 3677 864 3734 3⁰¹¹¹1⁰
883 3680 941 3732 uns
960 3678 1034 3781 Efde
1054 3681 1160 3823 838010
1239 3768 1272 3824 ‚fi
1314 3765 1322 3787 ‚

157 3785 716 3923 iiiimziiniiiiiuiisiiiiiiiiii
770 3774 1333 3909 uiiaialiliidiaillidii

156 3943 179 3981 Ζ,
194 3933 293 3995 θρασεῖ,
770 3912 863 3966 uideat
876 3927 909 3966 ex
923 3913 1140 3967 constantissimo
1150 3919 1226 3967 moia
1240 3914 1333 3980 laicae,

194 4002 236 4052 16.
255 3998 344 4052 maior
361 4015 443 4067 qaum
456 3999 574 4054 dimidiu
583 4015 661 4068 pars.
685 3999 716 4052 ln
771 3983 881 4065 quando
899 3983 950 4066 illa
973 3999 987 4036 8
1004 3999 1020 4036 r
1027 3984 1150 4052 opicae
1167 3984 1234 4038 80888
1254 3985 1334 4052 10080

157 4067 308 4123 Wahrheit
338 4067 378 4123 ia
409 4068 455 4123 <ue
489 4070 563 4124 urse
595 4076 629 4124 49
657 4069 716 4123 nal
770 4060 898 4108 cumiret
924 4071 956 4108 m
979 4056 1105 4108 umbram
1132 4061 1235 4122 terrae,
1263 4071 1336 4124 uuae

157 4138 261 4208 grfisser
288 4140 330 4194 als
359 4140 408 4194 der
435 4140 529 4197 Mond,
575 4140 629 4194 Die
660 4143 716 4194 An.
770 4125 996 4208 estmetalaoctis,
1015 4131 1115 4180 uicum
1129 4128 1272 4181 obscurari
1285 4143 1332 4180 ne-

158 4209 420 4265 sichtenderAlten
429 4212 500 4267 iiber
514 4211 612 4266 diesen
621 4211 717 4266 Punkt
771 4212 839 4250 00888
865 4202 916 4263 Sti»
948 4197 1110 4266 9800000008
1138 4198 1231 4253 800801
1263 4198 1334 4252 lum

158 4279 222 4334 sind
254 4282 318 4336 sehr
348 4281 541 4338 verschieden.
592 4284 633 4336 lm
664 4284 716 4338 all-
770 4267 925 4351 80088810
957 4274 1057 4337 01008
1091 4270 1250 4338 0181008110
1280 4270 1335 4324 8018

157 4352 306 4420 gemeinen
323 4351 431 4408 hieran
453 4355 500 4408 <110
523 4354 636 4410 scorrer
661 4355 717 4409 oen
769 4344 871 4393 marn
889 4339 975 4395 ocus
997 4341 1057 4394 cus
1082 4341 1173 4395 lumen
1199 4342 1332 4396 obiacet

153 4422 243 4477 Mond
276 4423 323 4477 fiir
348 4423 453 4494 grener
484 4425 526 4480 als
557 4425 603 4481 die
631 4424 714 4481 Erde.
806 4429 1198 4498 associantur-insistas,
1218 4447 1272 4487 m.
1289 4435 1332 4485 ol.
1391 4495 1393 4503 Ι
