2790 4800
407 246 475 301 LlB.
490 247 525 302 Il.
540 245 618 302 OAP.
638 251 751 301 59-61.
771 250 786 311 ξ
802 250 950 301 149-153.
1205 252 1267 315 179

87 415 259 477 sumantur
282 411 333 476 vel
352 410 547 476 mandentur
571 409 702 475 condita
724 408 896 494 vetustati,
920 413 954 474 et
976 413 1145 495 praeterea
1168 412 1268 476 vesci-

86 523 160 565 mur
194 500 310 565 bestiis
346 505 379 565 et
413 499 551 564 terrenis
585 503 618 564 et
645 498 844 584 aquatilibus
874 502 907 563 et
929 499 1116 564 volantibus
1136 500 1266 583 ,partim

87 589 261 675 capiendo,
302 589 424 673 partim
463 588 587 653 alendo.
643 587 814 653 Efficimus
852 587 952 652 etiam
989 588 1115 672 domitu
1150 594 1266 654 nostro

87 678 324 764 quadripedum
338 678 518 763 vectiones,
542 699 682 763 quorum
706 677 855 742 celeritas
879 682 978 763 atque
999 677 1048 742 vis
1068 677 1164 741 nobis
1183 678 1264 762 ipsis

53 789 67 830 1
86 767 195 833 adfert
217 768 285 833 vim
309 771 342 832 et
365 767 574 832 celeritatem.
621 764 691 831 Nos
716 787 815 830 onera
838 766 1033 851 quibusdam
1052 766 1182 851 bestiis,
1204 789 1265 831 nos

85 857 165 943 iuga
188 855 400 941 imponimus,
427 878 487 921 nos
512 854 761 940 elephantorum
784 855 994 920 acutissumis
1019 855 1183 940 sensibus,
1205 879 1266 920 nos

86 946 269 1032 sagacitate
288 967 404 1010 canum
423 945 464 1009 ad
482 945 661 1009 utilitatem
679 948 827 1009 nostram
846 944 1026 1030 abutimur,
1049 965 1110 1009 nos
1128 966 1145 1008 1
1160 949 1266 1010 terrae

87 1034 234 1100 cavernis
257 1033 381 1098 ferrum
405 1033 565 1119 elicimus,
589 1055 658 1098 rem
682 1032 723 1098 ad
746 1033 898 1097 colendos
922 1055 1020 1119 agros
1039 1033 1266 1119 necessariam,

85 1146 148 1189 nos
181 1123 279 1208 aeris,
311 1123 453 1209 argenti,
486 1123 557 1188 auri
589 1144 688 1187 venas
718 1122 848 1207 penitus
873 1122 1001 1188 abditas
1025 1122 1209 1188 invenimus
1234 1128 1267 1188 et

41 1235 67 1275 ro
87 1214 129 1278 ad
159 1234 256 1277 usum
284 1216 378 1296 aptas
407 1217 440 1276 et
463 1212 504 1276 ad
528 1215 680 1276 omatum
704 1211 851 1296 decoras,
882 1211 1036 1276 arborum
1060 1216 1171 1276 autem
1195 1234 1268 1277 con-

86 1301 233 1368 sectione
261 1301 414 1386 omnique
442 1300 580 1366 materia
603 1305 636 1365 et
660 1301 749 1365 culta
771 1305 804 1364 et
827 1300 971 1365 silvestri
994 1301 1116 1384 partim
1140 1301 1180 1365 ad
1204 1302 1267 1366 cal·
1302 1312 1303 1316 ’

85 1390 261 1456 ficiendum
281 1412 399 1474 corpus
418 1389 490 1476 igni
508 1389 657 1454 adhibito
672 1393 706 1454 et
720 1389 761 1454 ad
774 1389 994 1475 mitigandum
1010 1390 1119 1455 cibum
1134 1391 1267 1475 utimur,

86 1479 209 1565 partim
241 1479 283 1543 ad
314 1479 563 1563 aedificandum,
595 1483 632 1542 ut
665 1478 761 1543 tectis
791 1479 898 1562 saepti
924 1477 1050 1564 frigora
1079 1479 1267 1564 caloresque

86 1568 256 1653 pellamus.
316 1567 456 1654 Magnos
492 1589 569 1633 vero
606 1590 685 1632 usus
722 1566 829 1632 adfert
865 1567 906 1632 ad
941 1568 1074 1653 navigia
1109 1567 1267 1654 facienda,
1279 1587 1329 1636 152

39 1677 68 1719 rs
87 1679 227 1743 quorum
270 1657 418 1722 cursibus
460 1656 710 1741 subpeditantur
752 1678 864 1722 omnes
907 1657 1050 1742 undiquc
1087 1657 1128 1722 ad
1163 1658 1267 1722 vitam

88 1746 217 1832 copiae3
259 1768 404 1831 quasque
446 1768 497 1811 res
539 1745 794 1810 violentissimas
831 1749 951 1810 natura
987 1746 1118 1832 genuit,
1156 1770 1267 1813 earum

91 1835 351 1900 moderationem
368 1856 428 1900 nos
449 1834 511 1900 soli
528 1833 703 1919 habemus,
726 1834 826 1899 maris
845 1839 944 1919 atquc
962 1840 1148 1921 ventorum,
1168 1859 1266 1921 prop-

87 1930 139 1990 ter
166 1925 372 1989 nauticarum
400 1946 509 1989 rerum
533 1923 704 1988 scientiam
732 1924 947 2009 plurimisque
971 1925 1146 1989 maritimis
1169 1925 1266 1990 rebus

85 2013 227 2078 fruimur
250 2018 348 2099 atque
370 2013 503 2077 utimur.
545 2012 761 2078 Terrenorum
784 2013 865 2078 item
890 2013 1135 2078 commodorum
1160 2015 1265 2078 omnis

40 2123 69 2163 ro
88 2107 140 2168 est
161 2103 198 2166 in
215 2101 347 2167 homine
367 2102 563 2168 dominatus.
600 2100 670 2166 Nos
691 2101 828 2186 campis,
851 2123 911 2166 nos
930 2102 1099 2166 montibus
1118 2102 1266 2187 fruimur,

86 2191 195 2256 nostri
213 2196 291 2256 sunt
314 2213 439 2275 amnes,
462 2191 569 2256 nostri
587 2191 690 2276 lacus,
713 2213 773 2255 nos
791 2189 903 2276 fruges
923 2191 1072 2275 serimus,
1094 2213 1154 2255 nos
1174 2191 1266 2256 arbo-

87 2303 154 2366 111,
171 2302 232 2345 nos
251 2302 410 2365 aquarum
428 2280 673 2345 inductionibus
690 2280 787 2344 terris
805 2278 1041 2344 fecunditatem
1060 2280 1186 2364 damus,
1205 2303 1266 2345 nos

86 2369 223 2434 flumina
245 2391 405 2455 arcemus,
429 2369 621 2456 derigimus,
645 2369 835 2454 avertimus,
858 2369 982 2434 nostris
1007 2369 1145 2454 denique
1167 2370 1267 2434 mani-

87 2458 149 2523 bus
172 2458 209 2521 in
230 2480 339 2523 rerum
361 2462 479 2523 natura
502 2459 597 2544 quasi
620 2458 756 2523 alteram
779 2463 932 2522 naturam
951 2457 1079 2524 efficere
1103 2480 1266 2524 conamur.

41 2567 68 2609 rs
178 2545 263 2622 Quid
295 2547 394 2612 vero?
430 2547 601 2612 hominum
628 2547 714 2612 ratio
741 2568 809 2612 non
836 2547 873 2611 in
895 2548 1021 2612 caelum
1044 2569 1147 2633 usque
1170 2570 1266 2632 pene-

87 2635 211 2701 travit?
249 2633 319 2700 Soli
342 2635 428 2700 enim
452 2658 491 2700 ex
514 2636 735 2700 animantibus
758 2657 819 2701 nos
843 2641 1008 2702 astrorum
1027 2641 1131 2723 ortua,
1156 2637 1266 2702 obitus
1286 2610 1326 2674 61

89 2747 267 2810 cursusque
298 2724 524 2811 cognovimus3
557 2726 597 2789 ab
627 2725 799 2789 hominum
830 2747 947 2811 genere
976 2725 1090 2791 finitus
1115 2730 1165 2791 est
1189 2701 1331 2812 dica,153

87 2813 225 2899 mensis,
248 2835 367 2898 annus,
390 2812 588 2879 defectiones
613 2814 691 2878 solis
716 2820 750 2879 et
772 2815 869 2879 lunae
893 2815 1045 2900 cognitae
1068 2816 1267 2899 praedictae-

125 3013 149 3063 1.
168 3007 297 3063 curuati
319 3022 375 3060 von
397 3005 448 3061 der
466 3005 649 3076 zulrr'inftigen
704 3010 762 3061 tum
771 3007 885 3075 penitus
898 3006 1022 3061 abditum
1037 3009 1102 3060 eine
1120 3007 1265 3076 poetische

86 3076 161 3148 zeii,
190 3077 244 3132 wie
270 3096 297 3146 p.
324 3077 383 3131 Mil.
410 3083 458 3133 98:
488 3077 568 3132 uuile
597 3095 649 3160 um·
702 3077 898 3159 Reminiscenz
912 3093 963 3130 aus
978 3075 1069 3130 einem
1079 3076 1218 3147 Tragiker
1232 3096 1266 3131 zu

86 3148 649 3289 caestuscaestus.aas}
703 3164 781 3276 ⁵⁶11.
808 3148 940 3275 iistis}
959 3148 1266 3274 aggrego-gogo

86 3292 184 3346 uiuum
201 3307 307 3346 smaure
325 3292 358 3346 iu
376 3298 540 3346 verumutem.
702 3289 773 3344 Plin.
795 3309 822 3345 n.
836 3291 864 3345 h.
878 3290 953 3360 VIII,
969 3296 1016 3345 41:
1038 3293 1169 3348 silvestris
1193 3309 1264 3348 rosa.

123 3363 299 3418 1111111111-
310 3363 417 3430 alsacio,
435 3379 501 3416 man
516 3364 648 3417 erwartet
740 3368 780 3418 14.
800 3363 890 3430 adfert
909 3378 947 3418 sc.
961 3363 1086 3419 materia.

87 3431 225 3487 vielmehr
268 3450 337 3503 quas
374 3436 480 3504 partim
516 3435 650 3504 rapimus,
740 3440 782 3490 19.
801 3435 924 3502 fruimur
942 3431 1022 3504 utque
1036 3436 1151 3502 utimur,
1169 3436 1265 3490 natur-

82 3505 192 3574 purtim
209 3505 317 3559 alimus.
725 3503 839 3559 emalter
875 3510 949 3560 w‘are
994 3504 1040 3559 die
1079 3505 1265 3573 umgekehrte

123 3581 149 3629 4.
170 3576 369 3700 quadripedum
382 3577 523 3642 vectiones,
539 3575 585 3630 ein
599 3593 649 3629 un·
704 3523 834 3646 {tellung
852 3575 945 3630 dieser
962 3575 1067 3633 beiden
1081 3574 1191 3644 Worte,
1211 3578 1265 3628 vie

88 3651 169 3716 gewb
191 3645 300 3701 nlicher
323 3646 484 3702 abstrakter
502 3646 650 3701 Ausdruck
703 3647 725 3715 Ι,
737 3655 779 3704 30.
815 3647 880 3716 Vgl.
893 3647 998 3717 jedoch
1012 3648 1050 3701 ad
1063 3646 1128 3702 fam.
1144 3646 1206 3714 VII,
1217 3653 1264 3701 30:

87 3718 134 3772 1111
152 3722 184 3772 ut
203 3718 382 3788 quadripedes
400 3719 505 3774 vetum.
703 3719 740 3774 Id
759 3725 797 3774 est
811 3721 941 3788 cuiusque
950 3719 1107 3789 proprium,
1122 3733 1175 3789 quo
1189 3719 1263 3787 quis-

124 3794 149 3844 1.
168 3790 311 3844 abutimur
325 3784 388 3843 ‘wir
405 3791 510 3842 nutzeu
528 3785 595 3843 aus'.
703 3805 754 3858 que
770 3791 878 3858 fruitur
895 3797 975 3858 atquc
993 3791 1090 3845 utitur.

123 3865 149 3915 8.
168 3861 291 3915 elicimus
304 3855 369 3914 ‘vvir
389 3857 556 3930 gewinnen’,
587 3859 649 3914 eine
741 3867 782 3916 22.
797 3877 934 3930 uquarum
948 3860 1264 3916 iudumiouibus=irri

87 3931 118 3986 in
146 3929 253 3985 diesem
286 3930 371 3985 Sinna
407 3931 449 3986 oft
476 3931 649 4000 gebrauchte
703 3933 868 4003 potionibus.

86 4001 245 4073 Metapher.
254 4002 320 4072 Vgl.
333 4002 424 4057 defin.
434 4002 466 4069 V,
476 4008 523 4057 51:
537 4004 650 4072 fabulae
740 4010 782 4058 23.
801 4018 925 4057 arcemus
937 4028 965 4048 =
978 4003 1048 4072 ripis
1062 4006 1218 4057 coercemus.
1231 4034 1265 4043 —

87 4076 181 4143 111111,
200 4090 234 4130 eu
251 4075 351 4143 quibus
368 4075 477 4129 utilitas
495 4075 575 4130 uultu
589 4076 652 4130 elici
705 4075 853 4146 deripimus
867 4069 1054 4143 ‘regulieren'.

82 4151 187 4215 potest,
223 4145 281 4198 und
309 4151 324 4212 ς
355 4151 418 4200 1611
451 4147 570 4201 remedia
603 4147 650 4200 eli·
740 4151 783 4199 27.
801 4146 899 4212 fluitur
917 4151 955 4200 est
972 4171 999 4190 =
1013 4145 1142 4213 defiuitus
1159 4150 1205 4199 eu.

88 4218 208 4284 dumus,
227 4232 271 4270 wo
291 4217 337 4271 die
355 4216 476 4270 Hdschr.
499 4215 650 4270 falschlich
739 4221 782 4270 28.
789 4217 1005 4285 praedictaeque.
1021 4214 1091 4270 Eine
1100 4214 1266 4269 Sonnenfin-

87 4288 221 4358 eligamus
237 4287 325 4342 lesen.
704 4286 805 4341 sternis
831 4287 885 4341 soll
908 4304 972 4340 aum
997 4288 1090 4341 ersten
1112 4286 1187 4340 Male
1210 4303 1268 4341 von

124 4364 150 4414 9.
167 4359 283 4414 ceris-
298 4357 528 4415 abditusscheint
541 4357 596 4413 wie
614 4358 650 4413 de
704 4358 807 4412 Thales
828 4361 1033 4429 vorausgesagt
1057 4357 1172 4412 worden
1195 4357 1266 4413 sein.

88 4428 648 4500 11111,1311111111111111111119111·
703 4430 805 4485 Herod.
829 4431 850 4498 1,
872 4436 914 4486 74,

1007 4517 1064 4570 111*
