<?xml version="1.0" encoding="UTF-8"?>
<!DOCTYPE html PUBLIC "-//W3C//DTD XHTML 1.0 Transitional//EN"
    "http://www.w3.org/TR/xhtml1/DTD/xhtml1-transitional.dtd">
<html xmlns="http://www.w3.org/1999/xhtml" xml:lang="en" lang="en">
 <head>
  <title>
</title>
<meta http-equiv="Content-Type" content="text/html;charset=utf-8" />
  <meta name='ocr-system' content='tesseract 3.04.00' />
  <meta name='ocr-capabilities' content='ocr_page ocr_carea ocr_par ocr_line ocrx_word'/>
</head>
<body>
  <div class='ocr_page' id='page_1' title='image "./mtulliiciceroni38cicegoog_0189.png"; bbox 0 0 2790 4800; ppageno 0'>
   <div class='ocr_carea' id='block_1_1' title="bbox 142 220 929 292">
    <p class='ocr_par' dir='ltr' id='par_1_1' title="bbox 142 220 929 292">
     <span class='ocr_line' id='line_1_1' title="bbox 142 220 929 292; baseline -0.02 0"><span class='ocrx_word' id='word_1_1' title='bbox 142 228 205 292; x_wconf 80' lang='grc'>178</span> <span class='ocrx_word' id='word_1_2' title='bbox 528 222 576 276; x_wconf 84' lang='lat' dir='ltr'>DE</span> <span class='ocrx_word' id='word_1_3' title='bbox 595 221 747 277; x_wconf 82' lang='lat' dir='ltr'><strong>NATURA</strong></span> <span class='ocrx_word' id='word_1_4' title='bbox 766 220 929 276; x_wconf 80' lang='lat' dir='ltr'>DEORUM.</span> 
     </span>
    </p>
   </div>
   <div class='ocr_carea' id='block_1_2' title="bbox 139 383 1354 828">
    <p class='ocr_par' dir='ltr' id='par_1_2' title="bbox 139 383 1323 744">
     <span class='ocr_line' id='line_1_2' title="bbox 140 383 1323 472; baseline -0.002 -20"><span class='ocrx_word' id='word_1_5' title='bbox 140 387 296 453; x_wconf 75' lang='lat' dir='ltr'>terminat</span> <span class='ocrx_word' id='word_1_6' title='bbox 326 391 424 472; x_wconf 87' lang='lat' dir='ltr'>atque</span> <span class='ocrx_word' id='word_1_7' title='bbox 455 408 553 451; x_wconf 88' lang='lat' dir='ltr'>sonos</span> <span class='ocrx_word' id='word_1_8' title='bbox 577 386 666 452; x_wconf 86' lang='lat' dir='ltr'>vocis</span> <span class='ocrx_word' id='word_1_9' title='bbox 691 385 863 451; x_wconf 87' lang='lat' dir='ltr'>distinctos</span> <span class='ocrx_word' id='word_1_10' title='bbox 888 389 922 450; x_wconf 91' lang='lat' dir='ltr'>et</span> <span class='ocrx_word' id='word_1_11' title='bbox 943 407 1074 470; x_wconf 90' lang='lat' dir='ltr'>pressos</span> <span class='ocrx_word' id='word_1_12' title='bbox 1099 383 1214 470; x_wconf 83' lang='lat' dir='ltr'>efficit,</span> <span class='ocrx_word' id='word_1_13' title='bbox 1246 408 1323 450; x_wconf 88' lang='lat' dir='ltr'>cum</span> 
     </span>
     <span class='ocr_line' id='line_1_3' title="bbox 140 474 1322 560; baseline -0.002 -18"><span class='ocrx_word' id='word_1_14' title='bbox 140 481 174 542; x_wconf 89' lang='lat' dir='ltr'>et</span> <span class='ocrx_word' id='word_1_15' title='bbox 204 477 317 542; x_wconf 88' lang='lat' dir='ltr'>dentes</span> <span class='ocrx_word' id='word_1_16' title='bbox 352 480 385 540; x_wconf 89' lang='lat' dir='ltr'>et</span> <span class='ocrx_word' id='word_1_17' title='bbox 417 475 498 540; x_wconf 87' lang='lat' dir='ltr'>alias</span> <span class='ocrx_word' id='word_1_18' title='bbox 525 480 635 559; x_wconf 84' lang='lat' dir='ltr'>partes</span> <span class='ocrx_word' id='word_1_19' title='bbox 659 475 754 560; x_wconf 85' lang='lat' dir='ltr'>pellit</span> <span class='ocrx_word' id='word_1_20' title='bbox 777 475 852 539; x_wconf 79' lang='lat' dir='ltr'>oris,</span> <span class='ocrx_word' id='word_1_21' title='bbox 898 474 1014 558; x_wconf 87' lang='lat' dir='ltr'>Itaque</span> <span class='ocrx_word' id='word_1_22' title='bbox 1036 474 1154 558; x_wconf 75' lang='lat' dir='ltr'>plectri</span> <span class='ocrx_word' id='word_1_23' title='bbox 1178 475 1322 540; x_wconf 86' lang='lat' dir='ltr'>similem</span> 
     </span>
     <span class='ocr_line' id='line_1_4' title="bbox 139 563 1322 652; baseline -0.001 -22"><span class='ocrx_word' id='word_1_24' title='bbox 139 566 287 652; x_wconf 85' lang='lat' dir='ltr'><strong>linguam</strong></span> <span class='ocrx_word' id='word_1_25' title='bbox 315 564 422 641; x_wconf 83' lang='lat' dir='ltr'>nostri</span> <span class='ocrx_word' id='word_1_26' title='bbox 445 564 552 628; x_wconf 83' lang='lat' dir='ltr'>solent</span> <span class='ocrx_word' id='word_1_27' title='bbox 575 564 693 649; x_wconf 88' lang='lat' dir='ltr'>dicere,</span> <span class='ocrx_word' id='word_1_28' title='bbox 723 563 918 629; x_wconf 88' lang='lat' dir='ltr'>chordarum</span> <span class='ocrx_word' id='word_1_29' title='bbox 941 563 1069 648; x_wconf 82' lang='lat' dir='ltr'>dentes,</span> <span class='ocrx_word' id='word_1_30' title='bbox 1096 586 1191 629; x_wconf 87' lang='lat' dir='ltr'>nares</span> <span class='ocrx_word' id='word_1_31' title='bbox 1216 564 1322 629; x_wconf 89' lang='lat' dir='ltr'>corni·</span> 
     </span>
     <span class='ocr_line' id='line_1_5' title="bbox 140 653 1006 744; baseline -0.005 -24"><span class='ocrx_word' id='word_1_32' title='bbox 140 655 201 720; x_wconf 88' lang='lat' dir='ltr'>bus</span> <span class='ocrx_word' id='word_1_33' title='bbox 224 655 279 740; x_wconf 88' lang='lat' dir='ltr'>iis,</span> <span class='ocrx_word' id='word_1_34' title='bbox 303 655 360 740; x_wconf 86' lang='lat' dir='ltr'>qui</span> <span class='ocrx_word' id='word_1_35' title='bbox 383 653 424 718; x_wconf 87' lang='lat' dir='ltr'>ad</span> <span class='ocrx_word' id='word_1_36' title='bbox 445 676 563 718; x_wconf 83' lang='lat' dir='ltr'>nervos</span> <span class='ocrx_word' id='word_1_37' title='bbox 586 658 742 719; x_wconf 84' lang='lat' dir='ltr'>resonant</span> <span class='ocrx_word' id='word_1_38' title='bbox 764 654 800 717; x_wconf 89' lang='lat' dir='ltr'>in</span> <span class='ocrx_word' id='word_1_39' title='bbox 824 653 1006 744; x_wconf 41' lang='lat' dir='ltr'>cantibus..</span> 
     </span>
    </p>

    <p class='ocr_par' dir='ltr' id='par_1_3' title="bbox 230 741 1354 828">
     <span class='ocr_line' id='line_1_6' title="bbox 230 741 1354 828; baseline 0 -21"><span class='ocrx_word' id='word_1_40' title='bbox 230 742 336 819; x_wconf 81' lang='lat' dir='ltr'>Quam</span> <span class='ocrx_word' id='word_1_41' title='bbox 367 765 443 807; x_wconf 84' lang='lat' dir='ltr'>vero</span> <span class='ocrx_word' id='word_1_42' title='bbox 475 747 569 826; x_wconf 87' lang='lat' dir='ltr'>aptas</span> <span class='ocrx_word' id='word_1_43' title='bbox 603 765 765 828; x_wconf 87' lang='lat' dir='ltr'>quamque</span> <span class='ocrx_word' id='word_1_44' title='bbox 797 742 976 806; x_wconf 85' lang='lat' dir='ltr'>multarum</span> <span class='ocrx_word' id='word_1_45' title='bbox 1003 741 1125 805; x_wconf 86' lang='lat' dir='ltr'>artium</span> <span class='ocrx_word' id='word_1_46' title='bbox 1149 741 1354 807; x_wconf 79' lang='lat' dir='ltr'>ministrass</span> 
     </span>
    </p>
   </div>
   <div class='ocr_carea' id='block_1_3' title="bbox 77 708 122 772">
    <p class='ocr_par' dir='ltr' id='par_1_4' title="bbox 77 708 122 772">
     <span class='ocr_line' id='line_1_7' title="bbox 77 708 122 772; baseline 0.022 -1"><span class='ocrx_word' id='word_1_47' title='bbox 77 708 122 772; x_wconf 82' lang='lat'>60</span> 
     </span>
    </p>
   </div>
   <div class='ocr_carea' id='block_1_4' title="bbox 81 799 1321 917">
    <p class='ocr_par' dir='ltr' id='par_1_5' title="bbox 81 799 1321 917">
     <span class='ocr_line' id='line_1_8' title="bbox 81 799 1321 917; baseline -0.002 -19"><span class='ocrx_word' id='word_1_48' title='bbox 81 799 256 898; x_wconf 79' lang='lat' dir='ltr'>150manus</span> <span class='ocrx_word' id='word_1_49' title='bbox 275 837 394 897; x_wconf 90' lang='lat' dir='ltr'>natura</span> <span class='ocrx_word' id='word_1_50' title='bbox 411 830 538 895; x_wconf 90' lang='lat' dir='ltr'>homini</span> <span class='ocrx_word' id='word_1_51' title='bbox 557 832 658 896; x_wconf 85' lang='lat' dir='ltr'>dedit!</span> <span class='ocrx_word' id='word_1_52' title='bbox 693 830 884 917; x_wconf 86' lang='lat' dir='ltr'>Digitorum</span> <span class='ocrx_word' id='word_1_53' title='bbox 904 831 990 894; x_wconf 87' lang='lat' dir='ltr'>enim</span> <span class='ocrx_word' id='word_1_54' title='bbox 1009 831 1192 895; x_wconf 86' lang='lat' dir='ltr'>contractio</span> <span class='ocrx_word' id='word_1_55' title='bbox 1212 830 1321 896; x_wconf 88' lang='lat' dir='ltr'>facilis</span> 
     </span>
    </p>
   </div>
   <div class='ocr_carea' id='block_1_5' title="bbox 79 920 1368 1985">
    <p class='ocr_par' dir='ltr' id='par_1_6' title="bbox 79 920 1368 1985">
     <span class='ocr_line' id='line_1_9' title="bbox 139 920 1321 1006; baseline -0.001 -21"><span class='ocrx_word' id='word_1_56' title='bbox 139 921 312 1006; x_wconf 82' lang='lat' dir='ltr'>facilisque</span> <span class='ocrx_word' id='word_1_57' title='bbox 334 921 498 1006; x_wconf 88' lang='lat' dir='ltr'>porrectio</span> <span class='ocrx_word' id='word_1_58' title='bbox 521 925 656 1005; x_wconf 83' lang='lat' dir='ltr'>propter</span> <span class='ocrx_word' id='word_1_59' title='bbox 679 921 794 985; x_wconf 87' lang='lat' dir='ltr'>molles</span> <span class='ocrx_word' id='word_1_60' title='bbox 814 920 1045 985; x_wconf 85' lang='lat' dir='ltr'>commissuras</span> <span class='ocrx_word' id='word_1_61' title='bbox 1065 923 1099 984; x_wconf 90' lang='lat' dir='ltr'>et</span> <span class='ocrx_word' id='word_1_62' title='bbox 1117 924 1208 984; x_wconf 86' lang='lat' dir='ltr'>artus</span> <span class='ocrx_word' id='word_1_63' title='bbox 1227 920 1321 985; x_wconf 94' lang='lat' dir='ltr'>nullo</span> 
     </span>
     <span class='ocr_line' id='line_1_10' title="bbox 140 1008 1321 1095; baseline -0.001 -20"><span class='ocrx_word' id='word_1_64' title='bbox 140 1011 175 1076; x_wconf 89' lang='lat' dir='ltr'>in</span> <span class='ocrx_word' id='word_1_65' title='bbox 207 1015 300 1075; x_wconf 85' lang='lat' dir='ltr'>motu</span> <span class='ocrx_word' id='word_1_66' title='bbox 331 1010 468 1074; x_wconf 83' lang='lat' dir='ltr'>laborat.</span> <span class='ocrx_word' id='word_1_67' title='bbox 515 1010 631 1095; x_wconf 87' lang='lat' dir='ltr'>Itaque</span> <span class='ocrx_word' id='word_1_68' title='bbox 660 1009 700 1074; x_wconf 87' lang='lat' dir='ltr'>ad</span> <span class='ocrx_word' id='word_1_69' title='bbox 728 1008 942 1094; x_wconf 83' lang='lat' dir='ltr'>pingendum,</span> <span class='ocrx_word' id='word_1_70' title='bbox 974 1008 1015 1072; x_wconf 87' lang='lat' dir='ltr'>ad</span> <span class='ocrx_word' id='word_1_71' title='bbox 1042 1008 1246 1094; x_wconf 83' lang='lat' dir='ltr'>fingendum,</span> <span class='ocrx_word' id='word_1_72' title='bbox 1280 1009 1321 1074; x_wconf 91' lang='lat' dir='ltr'>ad</span> 
     </span>
     <span class='ocr_line' id='line_1_11' title="bbox 141 1097 1322 1183; baseline -0.002 -19"><span class='ocrx_word' id='word_1_73' title='bbox 141 1099 364 1183; x_wconf 85' lang='lat' dir='ltr'>scalpendum,</span> <span class='ocrx_word' id='word_1_74' title='bbox 397 1098 438 1162; x_wconf 86' lang='lat' dir='ltr'>ad</span> <span class='ocrx_word' id='word_1_75' title='bbox 469 1121 644 1164; x_wconf 78' lang='lat' dir='ltr'>nervorum</span> <span class='ocrx_word' id='word_1_76' title='bbox 673 1098 847 1163; x_wconf 89' lang='lat' dir='ltr'>eliciendos</span> <span class='ocrx_word' id='word_1_77' title='bbox 877 1120 975 1163; x_wconf 87' lang='lat' dir='ltr'>sonos</span> <span class='ocrx_word' id='word_1_78' title='bbox 999 1119 1037 1162; x_wconf 83' lang='lat' dir='ltr'>ac</span> <span class='ocrx_word' id='word_1_79' title='bbox 1061 1097 1218 1162; x_wconf 83' lang='lat' dir='ltr'>tibiarum</span> <span class='ocrx_word' id='word_1_80' title='bbox 1242 1103 1322 1182; x_wconf 84' lang='lat' dir='ltr'>apta</span> 
     </span>
     <span class='ocr_line' id='line_1_12' title="bbox 140 1185 1368 1273; baseline 0 -21"><span class='ocrx_word' id='word_1_81' title='bbox 140 1211 256 1253; x_wconf 89' lang='lat' dir='ltr'>manus</span> <span class='ocrx_word' id='word_1_82' title='bbox 290 1191 341 1253; x_wconf 89' lang='lat' dir='ltr'>est</span> <span class='ocrx_word' id='word_1_83' title='bbox 373 1187 559 1252; x_wconf 88' lang='lat' dir='ltr'>admotione</span> <span class='ocrx_word' id='word_1_84' title='bbox 591 1187 781 1273; x_wconf 82' lang='lat' dir='ltr'>digitorum.</span> <span class='ocrx_word' id='word_1_85' title='bbox 826 1186 937 1272; x_wconf 87' lang='lat' dir='ltr'>Atque</span> <span class='ocrx_word' id='word_1_86' title='bbox 964 1185 1046 1251; x_wconf 89' lang='lat' dir='ltr'>haec</span> <span class='ocrx_word' id='word_1_87' title='bbox 1074 1186 1368 1273; x_wconf 80' lang='lat' dir='ltr'>oblectationis31c</span> 
     </span>
     <span class='ocr_line' id='line_1_13' title="bbox 139 1276 1320 1362; baseline 0 -21"><span class='ocrx_word' id='word_1_88' title='bbox 139 1277 198 1342; x_wconf 91' lang='lat' dir='ltr'>illa</span> <span class='ocrx_word' id='word_1_89' title='bbox 215 1276 431 1362; x_wconf 84' lang='lat' dir='ltr'>necessitatis,</span> <span class='ocrx_word' id='word_1_90' title='bbox 451 1277 557 1341; x_wconf 90' lang='lat' dir='ltr'>cultus</span> <span class='ocrx_word' id='word_1_91' title='bbox 572 1276 644 1341; x_wconf 90' lang='lat' dir='ltr'>dico</span> <span class='ocrx_word' id='word_1_92' title='bbox 659 1298 813 1362; x_wconf 86' lang='lat' dir='ltr'>agrorum</span> <span class='ocrx_word' id='word_1_93' title='bbox 829 1276 1132 1361; x_wconf 85' lang='lat' dir='ltr'>exstructionesque</span> <span class='ocrx_word' id='word_1_94' title='bbox 1146 1279 1320 1360; x_wconf 82' lang='lat' dir='ltr'>tectorum,</span> 
     </span>
     <span class='ocr_line' id='line_1_14' title="bbox 140 1364 1320 1452; baseline -0.001 -22"><span class='ocrx_word' id='word_1_95' title='bbox 140 1370 332 1452; x_wconf 84' lang='lat' dir='ltr'>tegumenta</span> <span class='ocrx_word' id='word_1_96' title='bbox 362 1387 535 1450; x_wconf 89' lang='lat' dir='ltr'>corporum</span> <span class='ocrx_word' id='word_1_97' title='bbox 563 1365 616 1430; x_wconf 83' lang='lat' dir='ltr'>vel</span> <span class='ocrx_word' id='word_1_98' title='bbox 645 1369 736 1430; x_wconf 83' lang='lat' dir='ltr'>texta</span> <span class='ocrx_word' id='word_1_99' title='bbox 764 1366 816 1430; x_wconf 84' lang='lat' dir='ltr'>vel</span> <span class='ocrx_word' id='word_1_100' title='bbox 844 1368 919 1430; x_wconf 88' lang='lat' dir='ltr'>suta</span> <span class='ocrx_word' id='word_1_101' title='bbox 942 1386 1135 1450; x_wconf 88' lang='lat' dir='ltr'>omnemque</span> <span class='ocrx_word' id='word_1_102' title='bbox 1158 1364 1320 1430; x_wconf 82' lang='lat' dir='ltr'>fabricam</span> 
     </span>
     <span class='ocr_line' id='line_1_15' title="bbox 140 1454 1322 1541; baseline 0 -22"><span class='ocrx_word' id='word_1_103' title='bbox 140 1456 225 1520; x_wconf 86' lang='lat' dir='ltr'>aeris</span> <span class='ocrx_word' id='word_1_104' title='bbox 249 1459 283 1520; x_wconf 94' lang='grc' dir='ltr'><strong>εὴ</strong></span> <span class='ocrx_word' id='word_1_105' title='bbox 304 1454 398 1538; x_wconf 79' lang='lat' dir='ltr'>ferri3</span> <span class='ocrx_word' id='word_1_106' title='bbox 421 1477 460 1519; x_wconf 84' lang='lat' dir='ltr'>ex</span> <span class='ocrx_word' id='word_1_107' title='bbox 483 1477 546 1540; x_wconf 92' lang='lat' dir='ltr'>quo</span> <span class='ocrx_word' id='word_1_108' title='bbox 571 1455 775 1541; x_wconf 83' lang='lat' dir='ltr'>intellegitur</span> <span class='ocrx_word' id='word_1_109' title='bbox 798 1455 839 1519; x_wconf 86' lang='lat' dir='ltr'>ad</span> <span class='ocrx_word' id='word_1_110' title='bbox 861 1454 994 1519; x_wconf 82' lang='lat' dir='ltr'>inventa</span> <span class='ocrx_word' id='word_1_111' title='bbox 1017 1454 1141 1538; x_wconf 81' lang='lat' dir='ltr'>enimc,</span> <span class='ocrx_word' id='word_1_112' title='bbox 1163 1459 1322 1539; x_wconf 84' lang='lat' dir='ltr'>percepta</span> 
     </span>
     <span class='ocr_line' id='line_1_16' title="bbox 141 1543 1320 1628; baseline -0.001 -19"><span class='ocrx_word' id='word_1_113' title='bbox 141 1544 290 1610; x_wconf 84' lang='lat' dir='ltr'>sensibus</span> <span class='ocrx_word' id='word_1_114' title='bbox 323 1543 480 1608; x_wconf 83' lang='lat' dir='ltr'>adhibitis</span> <span class='ocrx_word' id='word_1_115' title='bbox 514 1544 668 1628; x_wconf 89' lang='lat' dir='ltr'>opificum</span> <span class='ocrx_word' id='word_1_116' title='bbox 700 1543 850 1608; x_wconf 89' lang='lat' dir='ltr'>manibus</span> <span class='ocrx_word' id='word_1_117' title='bbox 885 1543 994 1608; x_wconf 89' lang='lat' dir='ltr'>omnia</span> <span class='ocrx_word' id='word_1_118' title='bbox 1025 1565 1086 1608; x_wconf 89' lang='lat' dir='ltr'>nos</span> <span class='ocrx_word' id='word_1_119' title='bbox 1115 1547 1320 1628; x_wconf 87' lang='lat' dir='ltr'>consecutos,</span> 
     </span>
     <span class='ocr_line' id='line_1_17' title="bbox 141 1632 1364 1718; baseline 0.001 -20"><span class='ocrx_word' id='word_1_120' title='bbox 141 1638 179 1698; x_wconf 88' lang='lat' dir='ltr'>ut</span> <span class='ocrx_word' id='word_1_121' title='bbox 210 1633 303 1717; x_wconf 86' lang='lat' dir='ltr'>tecti,</span> <span class='ocrx_word' id='word_1_122' title='bbox 335 1637 373 1697; x_wconf 84' lang='lat' dir='ltr'>ut</span> <span class='ocrx_word' id='word_1_123' title='bbox 404 1632 530 1717; x_wconf 83' lang='lat' dir='ltr'>vestiti,</span> <span class='ocrx_word' id='word_1_124' title='bbox 562 1636 604 1706; x_wconf 82' lang='lat' dir='ltr'>ut</span> <span class='ocrx_word' id='word_1_125' title='bbox 632 1633 715 1697; x_wconf 86' lang='lat' dir='ltr'>salvi</span> <span class='ocrx_word' id='word_1_126' title='bbox 742 1655 813 1697; x_wconf 88' lang='lat' dir='ltr'>esse</span> <span class='ocrx_word' id='word_1_127' title='bbox 836 1654 1022 1718; x_wconf 83' lang='lat' dir='ltr'>possemus,</span> <span class='ocrx_word' id='word_1_128' title='bbox 1054 1632 1164 1716; x_wconf 81' lang='lat' dir='ltr'>urbes,</span> <span class='ocrx_word' id='word_1_129' title='bbox 1197 1654 1320 1717; x_wconf 86' lang='lat' dir='ltr'>muros,</span> <span class='ocrx_word' id='word_1_130' title='bbox 1339 1657 1364 1699; x_wconf 80' lang='lat' dir='ltr'>u</span> 
     </span>
     <span class='ocr_line' id='line_1_18' title="bbox 79 1720 1320 1807; baseline 0.002 -24"><span class='ocrx_word' id='word_1_131' title='bbox 79 1733 129 1783; x_wconf 78' lang='lat'>151</span> <span class='ocrx_word' id='word_1_132' title='bbox 141 1722 318 1806; x_wconf 87' lang='lat' dir='ltr'>domicilia,</span> <span class='ocrx_word' id='word_1_133' title='bbox 332 1776 333 1780; x_wconf 65' lang='grc'>,</span> <span class='ocrx_word' id='word_1_134' title='bbox 349 1721 484 1786; x_wconf 88' lang='lat' dir='ltr'>delubra</span> <span class='ocrx_word' id='word_1_135' title='bbox 512 1720 717 1787; x_wconf 82' lang='lat' dir='ltr'>haberemus.</span> <span class='ocrx_word' id='word_1_136' title='bbox 762 1721 834 1786; x_wconf 87' lang='lat' dir='ltr'>Iam</span> <span class='ocrx_word' id='word_1_137' title='bbox 860 1744 937 1786; x_wconf 82' lang='lat' dir='ltr'>vero</span> <span class='ocrx_word' id='word_1_138' title='bbox 962 1721 1115 1806; x_wconf 87' lang='lat' dir='ltr'>operibus</span> <span class='ocrx_word' id='word_1_139' title='bbox 1137 1720 1320 1807; x_wconf 82' lang='lat' dir='ltr'>hominum,</span> 
     </span>
     <span class='ocr_line' id='line_1_19' title="bbox 141 1809 1320 1895; baseline 0 -21"><span class='ocrx_word' id='word_1_140' title='bbox 141 1811 175 1875; x_wconf 92' lang='lat' dir='ltr'>id</span> <span class='ocrx_word' id='word_1_141' title='bbox 198 1815 249 1874; x_wconf 84' lang='lat' dir='ltr'>est</span> <span class='ocrx_word' id='word_1_142' title='bbox 271 1810 437 1894; x_wconf 83' lang='lat' dir='ltr'>manibus,</span> <span class='ocrx_word' id='word_1_143' title='bbox 461 1809 525 1874; x_wconf 90' lang='lat' dir='ltr'>cibi</span> <span class='ocrx_word' id='word_1_144' title='bbox 548 1810 648 1875; x_wconf 88' lang='lat' dir='ltr'>etiam</span> <span class='ocrx_word' id='word_1_145' title='bbox 670 1810 812 1875; x_wconf 83' lang='lat' dir='ltr'>varietas</span> <span class='ocrx_word' id='word_1_146' title='bbox 835 1811 1002 1875; x_wconf 83' lang='lat' dir='ltr'>invenitur</span> <span class='ocrx_word' id='word_1_147' title='bbox 1025 1815 1059 1875; x_wconf 87' lang='lat' dir='ltr'>et</span> <span class='ocrx_word' id='word_1_148' title='bbox 1082 1810 1185 1895; x_wconf 86' lang='lat' dir='ltr'>copia.</span> <span class='ocrx_word' id='word_1_149' title='bbox 1231 1809 1320 1876; x_wconf 88' lang='lat' dir='ltr'>Nam</span> 
     </span>
     <span class='ocr_line' id='line_1_20' title="bbox 142 1894 1322 1985; baseline 0.001 -21"><span class='ocrx_word' id='word_1_150' title='bbox 142 1905 175 1964; x_wconf 84' lang='lat' dir='ltr'>et</span> <span class='ocrx_word' id='word_1_151' title='bbox 205 1900 277 1985; x_wconf 83' lang='lat' dir='ltr'>agri</span> <span class='ocrx_word' id='word_1_152' title='bbox 307 1900 411 1964; x_wconf 88' lang='lat' dir='ltr'>multa</span> <span class='ocrx_word' id='word_1_153' title='bbox 441 1894 579 1964; x_wconf 86' lang='lat' dir='ltr'>efferunt</span> <span class='ocrx_word' id='word_1_154' title='bbox 608 1922 708 1964; x_wconf 85' lang='lat' dir='ltr'>manu</span> <span class='ocrx_word' id='word_1_155' title='bbox 735 1900 896 1984; x_wconf 85' lang='lat' dir='ltr'>quaesita,</span> <span class='ocrx_word' id='word_1_156' title='bbox 927 1922 1009 1984; x_wconf 85' lang='lat' dir='ltr'>quae</span> <span class='ocrx_word' id='word_1_157' title='bbox 1032 1900 1084 1964; x_wconf 84' lang='lat' dir='ltr'>vel</span> <span class='ocrx_word' id='word_1_158' title='bbox 1108 1900 1222 1964; x_wconf 85' lang='lat' dir='ltr'>statim</span> <span class='ocrx_word' id='word_1_159' title='bbox 1247 1921 1322 1965; x_wconf 91' lang='lat' dir='ltr'>con-</span> 
     </span>
    </p>
   </div>
   <div class='ocr_carea' id='block_1_6' title="bbox 32 2123 1322 4406">
    <p class='ocr_par' dir='ltr' id='par_1_7' title="bbox 32 2123 1322 4406">
     <span class='ocr_line' id='line_1_21' title="bbox 178 2123 1319 2197; baseline 0.002 -15"><span class='ocrx_word' id='word_1_160' title='bbox 178 2133 201 2182; x_wconf 93' lang='lat'>1.</span> <span class='ocrx_word' id='word_1_161' title='bbox 217 2142 326 2197; x_wconf 75' lang='lat' dir='ltr'>pressos</span> <span class='ocrx_word' id='word_1_162' title='bbox 340 2123 492 2194; x_wconf 62' lang='lat' dir='ltr'>‘deucncn</span> <span class='ocrx_word' id='word_1_163' title='bbox 517 2127 615 2181; x_wconf 85' lang='lat' dir='ltr'>scharf</span> <span class='ocrx_word' id='word_1_164' title='bbox 634 2126 702 2182; x_wconf 80' lang='lat' dir='ltr'>arti-</span> <span class='ocrx_word' id='word_1_165' title='bbox 756 2127 831 2183; x_wconf 83' lang='lat' dir='ltr'>Brut.</span> <span class='ocrx_word' id='word_1_166' title='bbox 852 2134 916 2182; x_wconf 78' lang='lat'>200:</span> <span class='ocrx_word' id='word_1_167' title='bbox 941 2128 1044 2183; x_wconf 75' lang='lat' dir='ltr'>uuimdr</span> <span class='ocrx_word' id='word_1_168' title='bbox 1061 2128 1185 2183; x_wconf 80' lang='lat' dir='ltr'>iudicum</span> <span class='ocrx_word' id='word_1_169' title='bbox 1208 2130 1319 2184; x_wconf 86' lang='lat' dir='ltr'>admo·</span> 
     </span>
     <span class='ocr_line' id='line_1_22' title="bbox 139 2194 1321 2269; baseline 0.005 -19"><span class='ocrx_word' id='word_1_170' title='bbox 139 2194 264 2267; x_wconf 80' lang='lat' dir='ltr'>kuliert’,</span> <span class='ocrx_word' id='word_1_171' title='bbox 277 2214 341 2268; x_wconf 89' lang='lat' dir='ltr'>opp.</span> <span class='ocrx_word' id='word_1_172' title='bbox 352 2205 445 2254; x_wconf 71' lang='lat' dir='ltr'>cadus</span> <span class='ocrx_word' id='word_1_173' title='bbox 454 2198 500 2267; x_wconf 90' lang='lat' dir='ltr'>(de</span> <span class='ocrx_word' id='word_1_174' title='bbox 511 2201 582 2253; x_wconf 82' lang='lat' dir='ltr'>orat.</span> <span class='ocrx_word' id='word_1_175' title='bbox 592 2199 639 2265; x_wconf 88' lang='grc' dir='ltr'>ΙΙΙ,</span> <span class='ocrx_word' id='word_1_176' title='bbox 649 2203 703 2260; x_wconf 72' lang='grc'><strong>451.</strong></span> <span class='ocrx_word' id='word_1_177' title='bbox 756 2216 829 2255; x_wconf 82' lang='lat' dir='ltr'>cere</span> <span class='ocrx_word' id='word_1_178' title='bbox 865 2200 1014 2255; x_wconf 73' lang='lat' dir='ltr'>oratehcem</span> <span class='ocrx_word' id='word_1_179' title='bbox 1045 2204 1185 2269; x_wconf 74' lang='lat' dir='ltr'>tamquam</span> <span class='ocrx_word' id='word_1_180' title='bbox 1216 2201 1321 2268; x_wconf 68' lang='lat' dir='ltr'>{idibus</span> 
     </span>
     <span class='ocr_line' id='line_1_23' title="bbox 177 2269 878 2338; baseline 0.001 -15"><span class='ocrx_word' id='word_1_181' title='bbox 177 2275 202 2323; x_wconf 73' lang='lat'>2.</span> <span class='ocrx_word' id='word_1_182' title='bbox 210 2271 338 2324; x_wconf 77' lang='lat' dir='ltr'>dentes-</span> <span class='ocrx_word' id='word_1_183' title='bbox 343 2271 430 2338; x_wconf 80' lang='lat' dir='ltr'>pellit.</span> <span class='ocrx_word' id='word_1_184' title='bbox 445 2269 704 2324; x_wconf 82' lang='lat' dir='ltr'>DerAusdruckist</span> <span class='ocrx_word' id='word_1_185' title='bbox 756 2288 878 2326; x_wconf 76' lang='lat' dir='ltr'>monum.</span> 
     </span>
     <span class='ocr_line' id='line_1_24' title="bbox 141 2339 1319 2412; baseline 0.005 -20"><span class='ocrx_word' id='word_1_186' title='bbox 141 2340 267 2408; x_wconf 72' lang='lat' dir='ltr'>gewthlt</span> <span class='ocrx_word' id='word_1_187' title='bbox 297 2339 351 2393; x_wconf 82' lang='lat' dir='ltr'>mit</span> <span class='ocrx_word' id='word_1_188' title='bbox 382 2339 538 2395; x_wconf 78' lang='lat' dir='ltr'>Rfichsicht</span> <span class='ocrx_word' id='word_1_189' title='bbox 572 2340 623 2397; x_wconf 85' lang='lat' dir='ltr'>auf</span> <span class='ocrx_word' id='word_1_190' title='bbox 652 2342 703 2395; x_wconf 85' lang='lat' dir='ltr'>das</span> <span class='ocrx_word' id='word_1_191' title='bbox 793 2349 835 2397; x_wconf 88' lang='grc'>13.</span> <span class='ocrx_word' id='word_1_192' title='bbox 854 2343 966 2397; x_wconf 73' lang='lat' dir='ltr'>incentu</span> <span class='ocrx_word' id='word_1_193' title='bbox 984 2342 1089 2411; x_wconf 76' lang='lat' dir='ltr'>auimo,</span> <span class='ocrx_word' id='word_1_194' title='bbox 1104 2348 1235 2412; x_wconf 75' lang='lat' dir='ltr'>perceptu</span> <span class='ocrx_word' id='word_1_195' title='bbox 1260 2359 1319 2398; x_wconf 78' lang='lat' dir='ltr'>seu-</span> 
     </span>
     <span class='ocr_line' id='line_1_25' title="bbox 32 2409 1320 2483; baseline 0.004 -20"><span class='ocrx_word' id='word_1_196' title='bbox 32 2409 33 2412; x_wconf 70' lang='grc'>’</span> <span class='ocrx_word' id='word_1_197' title='bbox 140 2410 293 2479; x_wconf 83' lang='lat' dir='ltr'>Fulgende‚</span> <span class='ocrx_word' id='word_1_198' title='bbox 313 2427 343 2464; x_wconf 91' lang='lat' dir='ltr'>so</span> <span class='ocrx_word' id='word_1_199' title='bbox 363 2410 416 2465; x_wconf 85' lang='lat' dir='ltr'>wie</span> <span class='ocrx_word' id='word_1_200' title='bbox 435 2427 501 2464; x_wconf 88' lang='lat' dir='ltr'>man</span> <span class='ocrx_word' id='word_1_201' title='bbox 519 2415 583 2482; x_wconf 84' lang='lat' dir='ltr'>sagt</span> <span class='ocrx_word' id='word_1_202' title='bbox 598 2429 703 2482; x_wconf 78' lang='lat' dir='ltr'>ceruos,</span> <span class='ocrx_word' id='word_1_203' title='bbox 756 2415 840 2469; x_wconf 80' lang='lat' dir='ltr'>sibus.</span> <span class='ocrx_word' id='word_1_204' title='bbox 883 2413 941 2467; x_wconf 84' lang='lat' dir='ltr'>Das</span> <span class='ocrx_word' id='word_1_205' title='bbox 969 2412 1133 2482; x_wconf 84' lang='lat' dir='ltr'>Asyndeton</span> <span class='ocrx_word' id='word_1_206' title='bbox 1160 2413 1320 2483; x_wconf 86' lang='lat' dir='ltr'>gebraucht</span> 
     </span>
     <span class='ocr_line' id='line_1_26' title="bbox 142 2483 1320 2553; baseline 0.002 -17"><span class='ocrx_word' id='word_1_207' title='bbox 142 2483 233 2553; x_wconf 73' lang='lat' dir='ltr'>lyram</span> <span class='ocrx_word' id='word_1_208' title='bbox 247 2483 354 2552; x_wconf 83' lang='lat' dir='ltr'>pellere.</span> <span class='ocrx_word' id='word_1_209' title='bbox 758 2483 854 2539; x_wconf 80' lang='lat' dir='ltr'>Cicero</span> <span class='ocrx_word' id='word_1_210' title='bbox 873 2483 954 2538; x_wconf 86' lang='lat' dir='ltr'>nicht</span> <span class='ocrx_word' id='word_1_211' title='bbox 972 2484 1063 2539; x_wconf 86' lang='lat' dir='ltr'>selten</span> <span class='ocrx_word' id='word_1_212' title='bbox 1082 2484 1154 2539; x_wconf 88' lang='lat' dir='ltr'>auch</span> <span class='ocrx_word' id='word_1_213' title='bbox 1178 2485 1226 2538; x_wconf 83' lang='lat' dir='ltr'>bei</span> <span class='ocrx_word' id='word_1_214' title='bbox 1250 2484 1320 2540; x_wconf 81' lang='lat' dir='ltr'>zwei</span> 
     </span>
     <span class='ocr_line' id='line_1_27' title="bbox 172 2553 1321 2624; baseline 0.002 -16"><span class='ocrx_word' id='word_1_215' title='bbox 172 2554 273 2623; x_wconf 79' lang='lat' dir='ltr'>plectri</span> <span class='ocrx_word' id='word_1_216' title='bbox 278 2555 402 2621; x_wconf 72' lang='lat' dir='ltr'>simulem,</span> <span class='ocrx_word' id='word_1_217' title='bbox 408 2553 476 2608; x_wconf 89' lang='lat' dir='ltr'>aber</span> <span class='ocrx_word' id='word_1_218' title='bbox 481 2554 608 2608; x_wconf 85' lang='lat' dir='ltr'>nechher</span> <span class='ocrx_word' id='word_1_219' title='bbox 613 2556 702 2609; x_wconf 78' lang='lat' dir='ltr'>corui·</span> <span class='ocrx_word' id='word_1_220' title='bbox 756 2554 906 2624; x_wconf 75' lang='lat' dir='ltr'>Begriffen</span> <span class='ocrx_word' id='word_1_221' title='bbox 917 2571 1000 2608; x_wconf 83' lang='lat' dir='ltr'>wenn</span> <span class='ocrx_word' id='word_1_222' title='bbox 1009 2555 1095 2624; x_wconf 85' lang='lat' dir='ltr'>disse,</span> <span class='ocrx_word' id='word_1_223' title='bbox 1111 2555 1172 2609; x_wconf 90' lang='lat' dir='ltr'>sich</span> <span class='ocrx_word' id='word_1_224' title='bbox 1183 2555 1321 2611; x_wconf 86' lang='lat' dir='ltr'>einander</span> 
     </span>
     <span class='ocr_line' id='line_1_28' title="bbox 142 2624 1318 2697; baseline 0.002 -17"><span class='ocrx_word' id='word_1_225' title='bbox 142 2627 235 2697; x_wconf 66' lang='lat' dir='ltr'>basso.</span> <span class='ocrx_word' id='word_1_226' title='bbox 243 2626 352 2680; x_wconf 85' lang='lat' dir='ltr'>similes.</span> <span class='ocrx_word' id='word_1_227' title='bbox 361 2624 555 2678; x_wconf 88' lang='lat' dir='ltr'>DerWechsel</span> <span class='ocrx_word' id='word_1_228' title='bbox 563 2624 703 2679; x_wconf 85' lang='lat' dir='ltr'>zwischen</span> <span class='ocrx_word' id='word_1_229' title='bbox 757 2627 922 2695; x_wconf 71' lang='lat' dir='ltr'>ergbnzend</span> <span class='ocrx_word' id='word_1_230' title='bbox 932 2643 1091 2681; x_wconf 83' lang='lat' dir='ltr'>zusammen</span> <span class='ocrx_word' id='word_1_231' title='bbox 1100 2626 1184 2681; x_wconf 90' lang='lat' dir='ltr'>einen</span> <span class='ocrx_word' id='word_1_232' title='bbox 1193 2627 1318 2682; x_wconf 81' lang='lat' dir='ltr'>hbheren</span> 
     </span>
     <span class='ocr_line' id='line_1_29' title="bbox 142 2694 1321 2768; baseline 0.003 -18"><span class='ocrx_word' id='word_1_233' title='bbox 142 2695 240 2750; x_wconf 82' lang='lat' dir='ltr'>Genet.</span> <span class='ocrx_word' id='word_1_234' title='bbox 255 2695 314 2750; x_wconf 90' lang='lat' dir='ltr'>und</span> <span class='ocrx_word' id='word_1_235' title='bbox 327 2697 391 2751; x_wconf 86' lang='lat' dir='ltr'>Dat.</span> <span class='ocrx_word' id='word_1_236' title='bbox 406 2694 444 2749; x_wconf 87' lang='lat' dir='ltr'>ist</span> <span class='ocrx_word' id='word_1_237' title='bbox 458 2695 631 2750; x_wconf 79' lang='lat' dir='ltr'>willkurheh</span> <span class='ocrx_word' id='word_1_238' title='bbox 645 2697 704 2750; x_wconf 88' lang='lat' dir='ltr'>und</span> <span class='ocrx_word' id='word_1_239' title='bbox 756 2697 867 2766; x_wconf 85' lang='lat' dir='ltr'>bildeu,</span> <span class='ocrx_word' id='word_1_240' title='bbox 887 2697 942 2751; x_wconf 86' lang='lat' dir='ltr'>wie</span> <span class='ocrx_word' id='word_1_241' title='bbox 960 2696 1034 2765; x_wconf 86' lang='lat' dir='ltr'>hier,</span> <span class='ocrx_word' id='word_1_242' title='bbox 1058 2715 1101 2752; x_wconf 87' lang='lat' dir='ltr'>wo</span> <span class='ocrx_word' id='word_1_243' title='bbox 1121 2697 1167 2751; x_wconf 89' lang='lat' dir='ltr'>die</span> <span class='ocrx_word' id='word_1_244' title='bbox 1196 2698 1321 2768; x_wconf 85' lang='lat' dir='ltr'>geistige</span> 
     </span>
     <span class='ocr_line' id='line_1_30' title="bbox 141 2765 1321 2839; baseline 0.003 -19"><span class='ocrx_word' id='word_1_245' title='bbox 141 2765 223 2820; x_wconf 82' lang='lat' dir='ltr'>nicht</span> <span class='ocrx_word' id='word_1_246' title='bbox 240 2766 360 2837; x_wconf 84' lang='lat' dir='ltr'>bedingt</span> <span class='ocrx_word' id='word_1_247' title='bbox 378 2767 467 2820; x_wconf 84' lang='lat' dir='ltr'>durch</span> <span class='ocrx_word' id='word_1_248' title='bbox 481 2765 703 2839; x_wconf 29' lang='lat' dir='ltr'>einenohdheren</span> <span class='ocrx_word' id='word_1_249' title='bbox 758 2767 834 2822; x_wconf 87' lang='lat' dir='ltr'>Seite</span> <span class='ocrx_word' id='word_1_250' title='bbox 864 2770 913 2823; x_wconf 90' lang='lat' dir='ltr'>der</span> <span class='ocrx_word' id='word_1_251' title='bbox 939 2768 1030 2822; x_wconf 82' lang='lat' dir='ltr'>Kunst</span> <span class='ocrx_word' id='word_1_252' title='bbox 1056 2769 1107 2823; x_wconf 89' lang='lat' dir='ltr'>der</span> <span class='ocrx_word' id='word_1_253' title='bbox 1133 2769 1321 2824; x_wconf 88' lang='lat' dir='ltr'>technischen</span> 
     </span>
     <span class='ocr_line' id='line_1_31' title="bbox 142 2837 1320 2911; baseline 0.003 -19"><span class='ocrx_word' id='word_1_254' title='bbox 142 2838 212 2893; x_wconf 86' lang='lat' dir='ltr'>oder</span> <span class='ocrx_word' id='word_1_255' title='bbox 230 2838 398 2908; x_wconf 83' lang='lat' dir='ltr'>geringeren</span> <span class='ocrx_word' id='word_1_256' title='bbox 412 2837 489 2892; x_wconf 85' lang='lat' dir='ltr'>Gred</span> <span class='ocrx_word' id='word_1_257' title='bbox 504 2838 554 2894; x_wconf 90' lang='lat' dir='ltr'>der</span> <span class='ocrx_word' id='word_1_258' title='bbox 567 2837 703 2893; x_wconf 88' lang='lat' dir='ltr'>Ahnlich-</span> <span class='ocrx_word' id='word_1_259' title='bbox 758 2841 898 2909; x_wconf 77' lang='lat' dir='ltr'>(opificum</span> <span class='ocrx_word' id='word_1_260' title='bbox 925 2841 1065 2908; x_wconf 64' lang='lat' dir='ltr'>muudus)</span> <span class='ocrx_word' id='word_1_261' title='bbox 1099 2842 1242 2910; x_wconf 87' lang='lat' dir='ltr'>entgegen</span> <span class='ocrx_word' id='word_1_262' title='bbox 1271 2857 1320 2911; x_wconf 81' lang='lat' dir='ltr'>ge·</span> 
     </span>
     <span class='ocr_line' id='line_1_32' title="bbox 141 2908 1321 2981; baseline 0.005 -19"><span class='ocrx_word' id='word_1_263' title='bbox 141 2908 210 2964; x_wconf 87' lang='lat' dir='ltr'>keit.</span> <span class='ocrx_word' id='word_1_264' title='bbox 247 2909 357 2963; x_wconf 89' lang='lat' dir='ltr'>Anders</span> <span class='ocrx_word' id='word_1_265' title='bbox 377 2910 397 2976; x_wconf 89' lang='lat' dir='ltr'>l,</span> <span class='ocrx_word' id='word_1_266' title='bbox 411 2916 452 2965; x_wconf 83' lang='lat'>90.</span> <span class='ocrx_word' id='word_1_267' title='bbox 758 2910 839 2964; x_wconf 83' lang='lat' dir='ltr'>stellt</span> <span class='ocrx_word' id='word_1_268' title='bbox 856 2911 935 2966; x_wconf 82' lang='lat' dir='ltr'>wird.</span> <span class='ocrx_word' id='word_1_269' title='bbox 958 2911 1023 2981; x_wconf 83' lang='lat' dir='ltr'>Vgl.</span> <span class='ocrx_word' id='word_1_270' title='bbox 1038 2911 1142 2977; x_wconf 81' lang='lat' dir='ltr'>IlI‚63:</span> <span class='ocrx_word' id='word_1_271' title='bbox 1156 2913 1321 2979; x_wconf 76' lang='lat' dir='ltr'>fabularum</span> 
     </span>
     <span class='ocr_line' id='line_1_33' title="bbox 178 2979 1317 3049; baseline 0.002 -13"><span class='ocrx_word' id='word_1_272' title='bbox 178 2987 203 3036; x_wconf 83' lang='grc'>3.</span> <span class='ocrx_word' id='word_1_273' title='bbox 223 2982 409 3048; x_wconf 65' lang='lat' dir='ltr'>cursitastis,</span> <span class='ocrx_word' id='word_1_274' title='bbox 429 2981 564 3035; x_wconf 82' lang='lat' dir='ltr'>darunter</span> <span class='ocrx_word' id='word_1_275' title='bbox 579 2979 643 3035; x_wconf 87' lang='lat' dir='ltr'>sind</span> <span class='ocrx_word' id='word_1_276' title='bbox 657 2980 703 3036; x_wconf 87' lang='lat' dir='ltr'>die</span> <span class='ocrx_word' id='word_1_277' title='bbox 756 2983 868 3037; x_wconf 76' lang='lat' dir='ltr'>reddere</span> <span class='ocrx_word' id='word_1_278' title='bbox 884 2983 1028 3049; x_wconf 76' lang='lat' dir='ltr'>rationem,</span> <span class='ocrx_word' id='word_1_279' title='bbox 1043 2984 1239 3038; x_wconf 80' lang='lat' dir='ltr'>uocabulorum</span> <span class='ocrx_word' id='word_1_280' title='bbox 1252 3001 1317 3040; x_wconf 78' lang='lat' dir='ltr'>cuu-</span> 
     </span>
     <span class='ocr_line' id='line_1_34' title="bbox 141 3051 1320 3124; baseline 0.003 -18"><span class='ocrx_word' id='word_1_281' title='bbox 141 3052 247 3106; x_wconf 91' lang='lat' dir='ltr'>hohlen</span> <span class='ocrx_word' id='word_1_282' title='bbox 275 3051 372 3106; x_wconf 85' lang='lat' dir='ltr'>Seiten</span> <span class='ocrx_word' id='word_1_283' title='bbox 399 3053 448 3106; x_wconf 88' lang='lat' dir='ltr'>der</span> <span class='ocrx_word' id='word_1_284' title='bbox 475 3052 549 3121; x_wconf 80' lang='lat' dir='ltr'>Lyra</span> <span class='ocrx_word' id='word_1_285' title='bbox 580 3071 615 3106; x_wconf 81' lang='lat' dir='ltr'>zu</span> <span class='ocrx_word' id='word_1_286' title='bbox 642 3069 703 3106; x_wconf 86' lang='lat' dir='ltr'>ver·</span> <span class='ocrx_word' id='word_1_287' title='bbox 756 3068 803 3108; x_wconf 84' lang='lat' dir='ltr'>sos</span> <span class='ocrx_word' id='word_1_288' title='bbox 820 3055 966 3122; x_wconf 73' lang='lat' dir='ltr'>explicare,</span> <span class='ocrx_word' id='word_1_289' title='bbox 993 3053 1030 3107; x_wconf 86' lang='lat' dir='ltr'>ad</span> <span class='ocrx_word' id='word_1_290' title='bbox 1048 3055 1106 3109; x_wconf 77' lang='lat' dir='ltr'>Ath</span> <span class='ocrx_word' id='word_1_291' title='bbox 1122 3055 1142 3123; x_wconf 78' lang='grc' dir='ltr'>Ι,</span> <span class='ocrx_word' id='word_1_292' title='bbox 1156 3061 1196 3123; x_wconf 88' lang='grc'>16,</span> <span class='ocrx_word' id='word_1_293' title='bbox 1209 3072 1234 3109; x_wconf 82' lang='lat'>1:</span> <span class='ocrx_word' id='word_1_294' title='bbox 1254 3072 1320 3124; x_wconf 74' lang='lat' dir='ltr'>quo·</span> 
     </span>
     <span class='ocr_line' id='line_1_35' title="bbox 142 3123 1319 3194; baseline 0.003 -17"><span class='ocrx_word' id='word_1_295' title='bbox 142 3124 254 3191; x_wconf 76' lang='lat' dir='ltr'>stehen‚</span> <span class='ocrx_word' id='word_1_296' title='bbox 288 3123 395 3177; x_wconf 86' lang='lat' dir='ltr'>welche</span> <span class='ocrx_word' id='word_1_297' title='bbox 428 3141 464 3177; x_wconf 89' lang='lat' dir='ltr'>an</span> <span class='ocrx_word' id='word_1_298' title='bbox 490 3123 572 3178; x_wconf 85' lang='lat' dir='ltr'>ihren</span> <span class='ocrx_word' id='word_1_299' title='bbox 599 3124 704 3178; x_wconf 87' lang='lat' dir='ltr'>oberen</span> <span class='ocrx_word' id='word_1_300' title='bbox 756 3125 904 3180; x_wconf 71' lang='lat' dir='ltr'>modorum</span> <span class='ocrx_word' id='word_1_301' title='bbox 913 3126 1201 3181; x_wconf 78' lang='lat' dir='ltr'>insectatuslcoitutcm</span> <span class='ocrx_word' id='word_1_302' title='bbox 1214 3143 1319 3194; x_wconf 75' lang='lat' dir='ltr'>scama,</span> 
     </span>
     <span class='ocr_line' id='line_1_36' title="bbox 141 3193 1320 3252; baseline 0.003 -4"><span class='ocrx_word' id='word_1_303' title='bbox 141 3195 241 3248; x_wconf 88' lang='lat' dir='ltr'>Enden</span> <span class='ocrx_word' id='word_1_304' title='bbox 275 3193 329 3248; x_wconf 82' lang='lat' dir='ltr'>wie</span> <span class='ocrx_word' id='word_1_305' title='bbox 361 3195 471 3248; x_wconf 79' lang='lat' dir='ltr'>Hdrner</span> <span class='ocrx_word' id='word_1_306' title='bbox 504 3193 703 3249; x_wconf 86' lang='lat' dir='ltr'>auseinander-</span> <span class='ocrx_word' id='word_1_307' title='bbox 757 3196 899 3251; x_wconf 78' lang='lat' dir='ltr'>libidinem</span> <span class='ocrx_word' id='word_1_308' title='bbox 921 3197 1072 3252; x_wconf 76' lang='lat' dir='ltr'>iuventutis</span> <span class='ocrx_word' id='word_1_309' title='bbox 1095 3197 1154 3250; x_wconf 90' lang='lat' dir='ltr'>und</span> <span class='ocrx_word' id='word_1_310' title='bbox 1177 3196 1320 3251; x_wconf 88' lang='lat' dir='ltr'>Hcfmann</span> 
     </span>
     <span class='ocr_line' id='line_1_37' title="bbox 142 3255 1318 3336; baseline 0.004 -19"><span class='ocrx_word' id='word_1_311' title='bbox 142 3266 272 3334; x_wconf 84' lang='lat' dir='ltr'>gebogen</span> <span class='ocrx_word' id='word_1_312' title='bbox 290 3281 392 3321; x_wconf 86' lang='lat' dir='ltr'>waren.</span> <span class='ocrx_word' id='word_1_313' title='bbox 435 3265 587 3320; x_wconf 89' lang='lat' dir='ltr'>Dieselben</span> <span class='ocrx_word' id='word_1_314' title='bbox 609 3282 704 3320; x_wconf 87' lang='lat' dir='ltr'>waren</span> <span class='ocrx_word' id='word_1_315' title='bbox 756 3285 778 3321; x_wconf 88' lang='lat' dir='ltr'>z.</span> <span class='ocrx_word' id='word_1_316' title='bbox 798 3267 825 3320; x_wconf 89' lang='grc'>(1.</span> <span class='ocrx_word' id='word_1_317' title='bbox 846 3267 885 3321; x_wconf 85' lang='lat' dir='ltr'>St.</span> <span class='ocrx_word' id='word_1_318' title='bbox 927 3255 1067 3336; x_wconf 80' lang='lat' dir='ltr'>llbrigens</span> <span class='ocrx_word' id='word_1_319' title='bbox 1090 3268 1171 3322; x_wconf 76' lang='lat' dir='ltr'>h&#39;atte</span> <span class='ocrx_word' id='word_1_320' title='bbox 1193 3267 1240 3323; x_wconf 87' lang='lat' dir='ltr'>die</span> <span class='ocrx_word' id='word_1_321' title='bbox 1258 3287 1318 3322; x_wconf 91' lang='lat' dir='ltr'>um-</span> 
     </span>
     <span class='ocr_line' id='line_1_38' title="bbox 142 3333 1320 3408; baseline 0.003 -20"><span class='ocrx_word' id='word_1_322' title='bbox 142 3336 231 3388; x_wconf 90' lang='lat' dir='ltr'>durch</span> <span class='ocrx_word' id='word_1_323' title='bbox 251 3333 428 3399; x_wconf 83' lang='lat' dir='ltr'>Querleisten</span> <span class='ocrx_word' id='word_1_324' title='bbox 452 3337 632 3403; x_wconf 85' lang='lat' dir='ltr'>verbunden,</span> <span class='ocrx_word' id='word_1_325' title='bbox 657 3337 703 3392; x_wconf 91' lang='lat' dir='ltr'>die</span> <span class='ocrx_word' id='word_1_326' title='bbox 757 3338 893 3408; x_wconf 74' lang='lat' dir='ltr'>gelehrte</span> <span class='ocrx_word' id='word_1_327' title='bbox 928 3336 1065 3407; x_wconf 86' lang='lat' dir='ltr'>Ordnung</span> <span class='ocrx_word' id='word_1_328' title='bbox 1092 3338 1185 3393; x_wconf 88' lang='lat' dir='ltr'>dieser</span> <span class='ocrx_word' id='word_1_329' title='bbox 1213 3339 1320 3394; x_wconf 85' lang='lat' dir='ltr'>beiden</span> 
     </span>
     <span class='ocr_line' id='line_1_39' title="bbox 142 3405 1320 3480; baseline 0.005 -22"><span class='ocrx_word' id='word_1_330' title='bbox 142 3423 191 3459; x_wconf 83' lang='lat' dir='ltr'>zur</span> <span class='ocrx_word' id='word_1_331' title='bbox 204 3405 391 3476; x_wconf 81' lang='lat' dir='ltr'>Befestigung</span> <span class='ocrx_word' id='word_1_332' title='bbox 405 3407 455 3460; x_wconf 91' lang='lat' dir='ltr'>der</span> <span class='ocrx_word' id='word_1_333' title='bbox 467 3406 564 3461; x_wconf 84' lang='lat' dir='ltr'>Saiten</span> <span class='ocrx_word' id='word_1_334' title='bbox 579 3407 702 3478; x_wconf 82' lang='lat' dir='ltr'>dienten,</span> <span class='ocrx_word' id='word_1_335' title='bbox 757 3407 892 3476; x_wconf 85' lang='lat' dir='ltr'>Begriffc:</span> <span class='ocrx_word' id='word_1_336' title='bbox 908 3416 1036 3480; x_wconf 81' lang='lat' dir='ltr'>percepta</span> <span class='ocrx_word' id='word_1_337' title='bbox 1054 3411 1188 3478; x_wconf 74' lang='lat' dir='ltr'>semibus,</span> <span class='ocrx_word' id='word_1_338' title='bbox 1206 3412 1320 3466; x_wconf 75' lang='lat' dir='ltr'>inventa</span> 
     </span>
     <span class='ocr_line' id='line_1_40' title="bbox 143 3476 1319 3547; baseline 0.003 -16"><span class='ocrx_word' id='word_1_339' title='bbox 143 3476 702 3546; x_wconf 84' lang='lat' dir='ltr'>derenKlangdurchdiehohlenSeiten-</span> <span class='ocrx_word' id='word_1_340' title='bbox 756 3483 850 3535; x_wconf 75' lang='lat' dir='ltr'>animo</span> <span class='ocrx_word' id='word_1_341' title='bbox 873 3497 997 3547; x_wconf 75' lang='lat' dir='ltr'>genauer</span> <span class='ocrx_word' id='word_1_342' title='bbox 1022 3480 1072 3536; x_wconf 89' lang='lat' dir='ltr'>der</span> <span class='ocrx_word' id='word_1_343' title='bbox 1098 3481 1243 3536; x_wconf 86' lang='lat' dir='ltr'>stoischen</span> <span class='ocrx_word' id='word_1_344' title='bbox 1267 3481 1319 3534; x_wconf 85' lang='lat' dir='ltr'>Er-</span> 
     </span>
     <span class='ocr_line' id='line_1_41' title="bbox 142 3547 1318 3622; baseline 0.008 -22"><span class='ocrx_word' id='word_1_345' title='bbox 142 3547 241 3602; x_wconf 73' lang='lat' dir='ltr'>wtnde</span> <span class='ocrx_word' id='word_1_346' title='bbox 268 3549 411 3602; x_wconf 69' lang='lat' dir='ltr'>veretdrkt</span> <span class='ocrx_word' id='word_1_347' title='bbox 442 3549 546 3604; x_wconf 85' lang='lat' dir='ltr'>wurde.</span> <span class='ocrx_word' id='word_1_348' title='bbox 580 3581 614 3590; x_wconf 90' lang='lat'><em>-</em></span> <span class='ocrx_word' id='word_1_349' title='bbox 646 3549 703 3604; x_wconf 89' lang='lat' dir='ltr'>Der</span> <span class='ocrx_word' id='word_1_350' title='bbox 755 3551 999 3607; x_wconf 83' lang='lat' dir='ltr'>kenntnistheorie</span> <span class='ocrx_word' id='word_1_351' title='bbox 1042 3552 1239 3622; x_wconf 86' lang='lat' dir='ltr'>entsprochen.</span> <span class='ocrx_word' id='word_1_352' title='bbox 1291 3552 1318 3610; x_wconf 83' lang='lat' dir='ltr'>S.</span> 
     </span>
     <span class='ocr_line' id='line_1_42' title="bbox 141 3618 1319 3688; baseline 0.006 -15"><span class='ocrx_word' id='word_1_353' title='bbox 141 3618 222 3674; x_wconf 86' lang='lat' dir='ltr'>Nom.</span> <span class='ocrx_word' id='word_1_354' title='bbox 256 3635 371 3688; x_wconf 69' lang='lat' dir='ltr'>emam,</span> <span class='ocrx_word' id='word_1_355' title='bbox 404 3619 537 3688; x_wconf 61' lang='lat' dir='ltr'>Masius,</span> <span class='ocrx_word' id='word_1_356' title='bbox 564 3619 602 3675; x_wconf 86' lang='lat' dir='ltr'>ist</span> <span class='ocrx_word' id='word_1_357' title='bbox 639 3622 703 3676; x_wconf 87' lang='lat' dir='ltr'>sehr</span> <span class='ocrx_word' id='word_1_358' title='bbox 756 3628 834 3687; x_wconf 77' lang='lat'>§145</span> <span class='ocrx_word' id='word_1_359' title='bbox 849 3621 1034 3678; x_wconf 87' lang='lat' dir='ltr'>dieBemerk.</span> <span class='ocrx_word' id='word_1_360' title='bbox 1048 3642 1070 3678; x_wconf 84' lang='lat' dir='ltr'>z.</span> <span class='ocrx_word' id='word_1_361' title='bbox 1085 3625 1220 3679; x_wconf 77' lang='lat' dir='ltr'>antecellit</span> <span class='ocrx_word' id='word_1_362' title='bbox 1233 3626 1319 3679; x_wconf 73' lang='lat' dir='ltr'>seui·</span> 
     </span>
     <span class='ocr_line' id='line_1_43' title="bbox 142 3690 1317 3764; baseline 0.003 -20"><span class='ocrx_word' id='word_1_363' title='bbox 142 3691 244 3760; x_wconf 79' lang='lat' dir='ltr'>selten,</span> <span class='ocrx_word' id='word_1_364' title='bbox 273 3707 354 3744; x_wconf 88' lang='lat' dir='ltr'>wenn</span> <span class='ocrx_word' id='word_1_365' title='bbox 372 3692 446 3745; x_wconf 88' lang='lat' dir='ltr'>auch</span> <span class='ocrx_word' id='word_1_366' title='bbox 473 3690 558 3746; x_wconf 88' lang='lat' dir='ltr'>Prisc.</span> <span class='ocrx_word' id='word_1_367' title='bbox 582 3692 629 3761; x_wconf 83' lang='lat' dir='ltr'>Vl,</span> <span class='ocrx_word' id='word_1_368' title='bbox 641 3698 665 3760; x_wconf 80' lang='lat'>5,</span> <span class='ocrx_word' id='word_1_369' title='bbox 676 3709 702 3748; x_wconf 79' lang='lat' dir='ltr'>u</span> <span class='ocrx_word' id='word_1_370' title='bbox 756 3695 815 3749; x_wconf 80' lang='lat' dir='ltr'>tue.</span> <span class='ocrx_word' id='word_1_371' title='bbox 852 3694 917 3763; x_wconf 86' lang='lat' dir='ltr'>Vgl.</span> <span class='ocrx_word' id='word_1_372' title='bbox 937 3694 1043 3763; x_wconf 86' lang='lat' dir='ltr'>jedoch</span> <span class='ocrx_word' id='word_1_373' title='bbox 1068 3695 1103 3749; x_wconf 90' lang='lat' dir='ltr'>de</span> <span class='ocrx_word' id='word_1_374' title='bbox 1122 3695 1317 3764; x_wconf 76' lang='lat' dir='ltr'>orat‚I,193:</span> 
     </span>
     <span class='ocr_line' id='line_1_44' title="bbox 140 3763 1321 3837; baseline 0.004 -21"><span class='ocrx_word' id='word_1_375' title='bbox 140 3763 186 3817; x_wconf 80' lang='lat' dir='ltr'>hic</span> <span class='ocrx_word' id='word_1_376' title='bbox 214 3778 313 3817; x_wconf 79' lang='lat' dir='ltr'>coruus</span> <span class='ocrx_word' id='word_1_377' title='bbox 337 3763 430 3816; x_wconf 89' lang='lat' dir='ltr'>neben</span> <span class='ocrx_word' id='word_1_378' title='bbox 460 3765 509 3818; x_wconf 80' lang='lat' dir='ltr'>boc</span> <span class='ocrx_word' id='word_1_379' title='bbox 542 3780 628 3820; x_wconf 76' lang='lat' dir='ltr'>cornu</span> <span class='ocrx_word' id='word_1_380' title='bbox 658 3763 702 3817; x_wconf 71' lang='lat' dir='ltr'>fiir</span> <span class='ocrx_word' id='word_1_381' title='bbox 751 3765 1215 3837; x_wconf 74' lang='lat' dir='ltr'>peropieoynoseique,ib.161:</span> <span class='ocrx_word' id='word_1_382' title='bbox 1241 3783 1321 3822; x_wconf 64' lang='lat' dir='ltr'>nome</span> 
     </span>
     <span class='ocr_line' id='line_1_45' title="bbox 141 3833 959 3907; baseline 0.007 -21"><span class='ocrx_word' id='word_1_383' title='bbox 141 3833 304 3903; x_wconf 84' lang='lat' dir='ltr'>hereehtigt</span> <span class='ocrx_word' id='word_1_384' title='bbox 321 3833 391 3889; x_wconf 74' lang='lat' dir='ltr'>holo,</span> <span class='ocrx_word' id='word_1_385' title='bbox 755 3843 836 3907; x_wconf 77' lang='lat' dir='ltr'>utque</span> <span class='ocrx_word' id='word_1_386' title='bbox 853 3838 959 3893; x_wconf 83' lang='lat' dir='ltr'>cidisse.</span> 
     </span>
     <span class='ocr_line' id='line_1_46' title="bbox 178 3901 1318 3980; baseline 0.004 -22"><span class='ocrx_word' id='word_1_387' title='bbox 178 3911 203 3960; x_wconf 86' lang='lat'>4.</span> <span class='ocrx_word' id='word_1_388' title='bbox 224 3907 256 3959; x_wconf 79' lang='lat' dir='ltr'>in</span> <span class='ocrx_word' id='word_1_389' title='bbox 274 3907 401 3960; x_wconf 79' lang='lat' dir='ltr'>cantibus</span> <span class='ocrx_word' id='word_1_390' title='bbox 415 3901 504 3959; x_wconf 80' lang='lat' dir='ltr'>‘heim</span> <span class='ocrx_word' id='word_1_391' title='bbox 524 3901 655 3977; x_wconf 83' lang='lat' dir='ltr'>Spielen’‚</span> <span class='ocrx_word' id='word_1_392' title='bbox 680 3925 700 3961; x_wconf 91' lang='lat' dir='ltr'>s.</span> <span class='ocrx_word' id='word_1_393' title='bbox 794 3913 835 3963; x_wconf 89' lang='grc'>16.</span> <span class='ocrx_word' id='word_1_394' title='bbox 855 3910 981 3978; x_wconf 78' lang='lat' dir='ltr'>operibus</span> <span class='ocrx_word' id='word_1_395' title='bbox 995 3903 1116 3976; x_wconf 73' lang='lat' dir='ltr'>‘Arbeit</span> <span class='ocrx_word' id='word_1_396' title='bbox 1132 3904 1318 3980; x_wconf 68' lang='lat' dir='ltr'>remigius,</span> 
     </span>
     <span class='ocr_line' id='line_1_47' title="bbox 141 3975 1320 4050; baseline 0.004 -21"><span class='ocrx_word' id='word_1_397' title='bbox 141 3975 394 4044; x_wconf 60' lang='lat' dir='ltr'>Macomades.</span> <span class='ocrx_word' id='word_1_398' title='bbox 755 3979 883 4045; x_wconf 70' lang='lat' dir='ltr'>hhufiger</span> <span class='ocrx_word' id='word_1_399' title='bbox 907 3979 946 4032; x_wconf 92' lang='lat' dir='ltr'>im</span> <span class='ocrx_word' id='word_1_400' title='bbox 965 3978 1110 4050; x_wconf 69' lang='lat' dir='ltr'>Singula,</span> <span class='ocrx_word' id='word_1_401' title='bbox 1134 3979 1187 4034; x_wconf 82' lang='lat' dir='ltr'>wie</span> <span class='ocrx_word' id='word_1_402' title='bbox 1206 3981 1254 4050; x_wconf 86' lang='lat' dir='ltr'>Ill,</span> <span class='ocrx_word' id='word_1_403' title='bbox 1274 3986 1320 4049; x_wconf 75' lang='lat'>26,</span> 
     </span>
     <span class='ocr_line' id='line_1_48' title="bbox 178 4042 1321 4122; baseline 0.005 -21"><span class='ocrx_word' id='word_1_404' title='bbox 178 4053 202 4102; x_wconf 81' lang='grc'>7.</span> <span class='ocrx_word' id='word_1_405' title='bbox 221 4048 412 4103; x_wconf 74' lang='lat' dir='ltr'>conimisswros</span> <span class='ocrx_word' id='word_1_406' title='bbox 434 4055 459 4104; x_wconf 76' lang='lat' dir='ltr'>et</span> <span class='ocrx_word' id='word_1_407' title='bbox 476 4055 569 4116; x_wconf 78' lang='lat' dir='ltr'>artus,</span> <span class='ocrx_word' id='word_1_408' title='bbox 592 4042 625 4103; x_wconf 82' lang='grc' dir='ltr'>ἓν</span> <span class='ocrx_word' id='word_1_409' title='bbox 653 4045 702 4102; x_wconf 79' lang='grc' dir='ltr'>διὰ</span> <span class='ocrx_word' id='word_1_410' title='bbox 756 4049 792 4104; x_wconf 90' lang='lat' dir='ltr'>de</span> <span class='ocrx_word' id='word_1_411' title='bbox 803 4049 848 4104; x_wconf 89' lang='lat' dir='ltr'>off.</span> <span class='ocrx_word' id='word_1_412' title='bbox 859 4050 893 4118; x_wconf 89' lang='grc' dir='ltr'>ΙΙ,</span> <span class='ocrx_word' id='word_1_413' title='bbox 905 4057 951 4105; x_wconf 86' lang='lat'>11:</span> <span class='ocrx_word' id='word_1_414' title='bbox 965 4052 1097 4121; x_wconf 78' lang='lat' dir='ltr'>pecudes,</span> <span class='ocrx_word' id='word_1_415' title='bbox 1111 4068 1229 4121; x_wconf 76' lang='lat' dir='ltr'>quarum</span> <span class='ocrx_word' id='word_1_416' title='bbox 1241 4068 1321 4122; x_wconf 81' lang='lat' dir='ltr'>opere</span> 
     </span>
     <span class='ocr_line' id='line_1_49' title="bbox 142 4114 1320 4191; baseline 0.005 -19"><span class='ocrx_word' id='word_1_417' title='bbox 142 4119 223 4172; x_wconf 78' lang='grc' dir='ltr'><em>δυοῖν</em></span> <span class='ocrx_word' id='word_1_418' title='bbox 249 4114 446 4189; x_wconf 75' lang='lat' dir='ltr'>‘Verbindung</span> <span class='ocrx_word' id='word_1_419' title='bbox 477 4119 527 4174; x_wconf 91' lang='lat' dir='ltr'>der</span> <span class='ocrx_word' id='word_1_420' title='bbox 559 4118 701 4175; x_wconf 83' lang='lat' dir='ltr'>Gelenke’.</span> <span class='ocrx_word' id='word_1_421' title='bbox 757 4122 874 4190; x_wconf 79' lang='lat' dir='ltr'>efficitur</span> <span class='ocrx_word' id='word_1_422' title='bbox 891 4124 1000 4191; x_wconf 75' lang='lat' dir='ltr'>aliquid</span> <span class='ocrx_word' id='word_1_423' title='bbox 1017 4124 1055 4178; x_wconf 90' lang='lat' dir='ltr'>ad</span> <span class='ocrx_word' id='word_1_424' title='bbox 1072 4139 1154 4178; x_wconf 76' lang='lat' dir='ltr'>asum</span> <span class='ocrx_word' id='word_1_425' title='bbox 1176 4124 1320 4178; x_wconf 78' lang='lat' dir='ltr'>bominum</span> 
     </span>
     <span class='ocr_line' id='line_1_50' title="bbox 142 4189 1318 4264; baseline 0.005 -22"><span class='ocrx_word' id='word_1_426' title='bbox 142 4189 169 4244; x_wconf 85' lang='lat' dir='ltr'>S.</span> <span class='ocrx_word' id='word_1_427' title='bbox 184 4195 199 4255; x_wconf 63' lang='grc' dir='ltr'>ξ</span> <span class='ocrx_word' id='word_1_428' title='bbox 216 4197 266 4246; x_wconf 84' lang='grc'>139</span> <span class='ocrx_word' id='word_1_429' title='bbox 286 4209 309 4244; x_wconf 80' lang='lat' dir='ltr'>z.</span> <span class='ocrx_word' id='word_1_430' title='bbox 324 4192 521 4246; x_wconf 77' lang='lat' dir='ltr'>commissuras.</span> <span class='ocrx_word' id='word_1_431' title='bbox 756 4199 837 4262; x_wconf 77' lang='lat' dir='ltr'>atque</span> <span class='ocrx_word' id='word_1_432' title='bbox 850 4195 943 4249; x_wconf 84' lang='lat' dir='ltr'>citam.</span> <span class='ocrx_word' id='word_1_433' title='bbox 972 4192 1032 4250; x_wconf 85' lang='lat' dir='ltr'>Cat.</span> <span class='ocrx_word' id='word_1_434' title='bbox 1047 4194 1084 4249; x_wconf 89' lang='lat' dir='ltr'>M.</span> <span class='ocrx_word' id='word_1_435' title='bbox 1101 4201 1147 4249; x_wconf 81' lang='lat'>13:</span> <span class='ocrx_word' id='word_1_436' title='bbox 1166 4211 1318 4264; x_wconf 67' lang='lat' dir='ltr'>nequeun-</span> 
     </span>
     <span class='ocr_line' id='line_1_51' title="bbox 179 4262 1322 4336; baseline 0.005 -21"><span class='ocrx_word' id='word_1_437' title='bbox 179 4266 220 4316; x_wconf 89' lang='lat'>10.</span> <span class='ocrx_word' id='word_1_438' title='bbox 256 4262 411 4317; x_wconf 77' lang='lat' dir='ltr'>admotione</span> <span class='ocrx_word' id='word_1_439' title='bbox 446 4264 610 4333; x_wconf 68' lang='lat' dir='ltr'>diodorum,</span> <span class='ocrx_word' id='word_1_440' title='bbox 652 4262 702 4316; x_wconf 84' lang='lat' dir='ltr'>das</span> <span class='ocrx_word' id='word_1_441' title='bbox 756 4279 839 4333; x_wconf 74' lang='lat' dir='ltr'>quum</span> <span class='ocrx_word' id='word_1_442' title='bbox 866 4266 898 4320; x_wconf 78' lang='lat' dir='ltr'>in</span> <span class='ocrx_word' id='word_1_443' title='bbox 924 4280 974 4321; x_wconf 77' lang='lat' dir='ltr'>suo</span> <span class='ocrx_word' id='word_1_444' title='bbox 1003 4267 1096 4321; x_wconf 77' lang='lat' dir='ltr'>studio</span> <span class='ocrx_word' id='word_1_445' title='bbox 1126 4271 1208 4336; x_wconf 70' lang='lat' dir='ltr'>atquc</span> <span class='ocrx_word' id='word_1_446' title='bbox 1241 4281 1322 4336; x_wconf 78' lang='lat' dir='ltr'>opere</span> 
     </span>
     <span class='ocr_line' id='line_1_52' title="bbox 143 4330 1322 4406; baseline 0.006 -21"><span class='ocrx_word' id='word_1_447' title='bbox 143 4330 355 4386; x_wconf 78' lang='lat' dir='ltr'>Substantivum</span> <span class='ocrx_word' id='word_1_448' title='bbox 372 4351 425 4386; x_wconf 87' lang='lat' dir='ltr'>nur</span> <span class='ocrx_word' id='word_1_449' title='bbox 443 4333 506 4387; x_wconf 88' lang='lat' dir='ltr'>hier</span> <span class='ocrx_word' id='word_1_450' title='bbox 528 4332 577 4387; x_wconf 90' lang='lat' dir='ltr'>bei</span> <span class='ocrx_word' id='word_1_451' title='bbox 596 4332 701 4401; x_wconf 82' lang='lat' dir='ltr'>Cicero,</span> <span class='ocrx_word' id='word_1_452' title='bbox 757 4337 876 4392; x_wconf 66' lang='lat' dir='ltr'>cesavit.</span> <span class='ocrx_word' id='word_1_453' title='bbox 903 4336 969 4406; x_wconf 82' lang='lat' dir='ltr'>Vgl.</span> <span class='ocrx_word' id='word_1_454' title='bbox 983 4335 1048 4392; x_wconf 86' lang='lat' dir='ltr'>Tac.</span> <span class='ocrx_word' id='word_1_455' title='bbox 1063 4337 1155 4392; x_wconf 84' lang='lat' dir='ltr'>Germ.</span> <span class='ocrx_word' id='word_1_456' title='bbox 1170 4343 1200 4391; x_wconf 84' lang='lat'>4:</span> <span class='ocrx_word' id='word_1_457' title='bbox 1215 4338 1322 4394; x_wconf 69' lang='lat' dir='ltr'>bhoste</span> 
     </span>
    </p>
   </div>
   <div class='ocr_carea' id='block_1_7' title="bbox 141 4402 1320 4479">
    <p class='ocr_par' dir='ltr' id='par_1_8' title="bbox 141 4402 1320 4479">
     <span class='ocr_line' id='line_1_53' title="bbox 141 4402 1320 4479; baseline 0.008 -23"><span class='ocrx_word' id='word_1_458' title='bbox 141 4402 192 4456; x_wconf 83' lang='lat' dir='ltr'>des</span> <span class='ocrx_word' id='word_1_459' title='bbox 209 4402 334 4459; x_wconf 86' lang='lat' dir='ltr'>Verbum</span> <span class='ocrx_word' id='word_1_460' title='bbox 351 4403 381 4457; x_wconf 88' lang='lat' dir='ltr'>in</span> <span class='ocrx_word' id='word_1_461' title='bbox 400 4403 506 4458; x_wconf 89' lang='lat' dir='ltr'>diesem</span> <span class='ocrx_word' id='word_1_462' title='bbox 525 4404 610 4459; x_wconf 80' lang='lat' dir='ltr'>Sinna</span> <span class='ocrx_word' id='word_1_463' title='bbox 629 4405 703 4459; x_wconf 89' lang='lat' dir='ltr'>auch</span> <span class='ocrx_word' id='word_1_464' title='bbox 756 4412 837 4478; x_wconf 76' lang='lat' dir='ltr'>atque</span> <span class='ocrx_word' id='word_1_465' title='bbox 855 4424 966 4479; x_wconf 59' lang='lat' dir='ltr'>meum</span> <span class='ocrx_word' id='word_1_466' title='bbox 983 4425 1041 4464; x_wconf 78' lang='lat' dir='ltr'>uon</span> <span class='ocrx_word' id='word_1_467' title='bbox 1059 4409 1151 4465; x_wconf 76' lang='lat' dir='ltr'>eudem</span> <span class='ocrx_word' id='word_1_468' title='bbox 1168 4410 1320 4479; x_wconf 58' lang='lat' dir='ltr'>patentia.</span> 
     </span>
    </p>
   </div>
   <div class='ocr_carea' id='block_1_8' title="bbox 0 0 1402 4800">
    <p class='ocr_par' dir='ltr' id='par_1_9' title="bbox 0 0 1402 4800">
     <span class='ocr_line' id='line_1_54' title="bbox 0 0 1402 4800; baseline 0 0"><span class='ocrx_word' id='word_1_469' title='bbox 0 0 1402 4800; x_wconf 95' lang='lat' dir='ltr'> </span> 
     </span>
    </p>
   </div>
  </div>
 </body>
</html>
