2790 4800
155 233 217 298 116
534 227 583 281 ΒΕ
602 228 756 282 NATURA
773 227 940 283 DEORUM.

152 415 219 456 non
242 414 312 456 esse
336 391 459 476 aliquid
479 396 660 455 extremum
679 395 777 476 atque
797 391 986 476 perfectum.
1028 391 1075 457 Ut
1093 391 1181 456 enim
1199 391 1236 456 in
1253 392 1331 478 vite,

152 486 191 545 ut
204 481 240 544 in
252 482 390 566 pecude,
413 480 478 545 nisi
493 503 575 564 quae
593 480 643 544 vis
664 481 810 565 obstitit,
833 480 980 545 videmus
999 484 1153 545 naturam
1172 503 1232 546 suo
1253 503 1331 567 quo-

116 634 119 639 ,
153 571 227 634 dam
250 570 367 634 itinere
391 570 431 634 ad
454 570 608 633 ultimum
626 568 808 654 pervenire,
832 573 929 654 atque
947 574 986 633 ut
1004 569 1134 654 pictura
1152 573 1187 634 et
1204 569 1331 634 fabrica

153 664 344 743 ceteraeque
368 663 454 722 artes
478 658 601 722 habent
620 658 780 743 quendam
800 658 943 723 absoluti
967 658 1074 742 operis
1094 658 1261 744 effectum,
1284 659 1330 724 sic

152 748 188 811 in
212 748 301 813 omni
322 751 453 831 natura,
484 770 521 812 ac
549 747 653 811 multo
684 747 784 811 etiam
813 747 933 833 magis,
962 769 1094 811 necesse
1125 752 1175 812 est
1203 747 1359 812 absolvis

153 837 278 921 aliquid
301 857 339 900 ac
361 835 483 920 perfici.
529 836 662 900 Etenim
683 836 799 900 ceteris
822 836 1079 927 naturismulta
1098 840 1241 921 externa,
1266 858 1329 920 quo

153 926 261 990 minus
275 925 499 1010 perficiantur,
513 929 652 1009 possunt
667 924 839 1009 obsistere,
853 925 1040 989 universam
1053 929 1164 989 autem
1176 928 1330 990 naturam

153 1015 243 1078 nulla
265 1035 317 1078 res
340 1018 451 1099 potest
473 1013 639 1098 impedire,
661 1017 836 1098 propterea
858 1014 945 1099 quod
968 1035 1080 1078 omnes
1103 1018 1240 1079 naturas
1258 1014 1330 1098 ipsa

154 1102 287 1167 cohibet
310 1107 342 1167 et
366 1103 520 1167 continet.
559 1101 718 1177 Quocirca
740 1124 872 1167 necesse
895 1106 946 1166 est
969 1125 1040 1167 esse
1064 1106 1217 1187 quartum
1235 1102 1330 1166 illum

98 1203 135 1252 36
155 1197 188 1256 et
224 1191 422 1258 altissimum
458 1193 609 1278 gradum,
646 1213 711 1275 quo
741 1192 832 1256 nulla
868 1191 917 1256 vis
951 1191 1058 1275 possit
1090 1191 1250 1256 accedere.
1296 1190 1328 1256 Is
1347 1213 1372 1253 ιο

154 1286 264 1345 autem
284 1285 334 1344 est
352 1281 486 1366 gradus,
509 1281 544 1344 in
564 1303 628 1364 quo
647 1303 756 1344 rerum
776 1280 921 1344 omnium
938 1284 1057 1344 natura
1074 1280 1224 1366 ponitur3
1248 1302 1330 1365 quae

154 1370 310 1454 quoniam
332 1370 408 1433 talis
433 1374 492 1454 est,
523 1373 618 1432 utet
647 1369 771 1453 praesit
802 1368 952 1433 omnibus
986 1373 1019 1433 et
1051 1391 1123 1433 eam
1155 1369 1247 1433 nulla
1278 1391 1329 1434 res

71 1536 75 1544 ἢ
152 1459 260 1543 possit
282 1459 453 1542 impedire,
484 1480 616 1522 necesse
650 1461 700 1522 est
728 1457 976 1543 intellegentem
1009 1479 1079 1522 csse
1109 1456 1268 1522 mundum
1298 1461 1331 1522 et

154 1548 285 1631 quidem
309 1547 408 1611 etiam
432 1547 621 1631 sapientem.
668 1545 753 1621 Quid
772 1551 883 1611 autem
901 1551 952 1611 cst
969 1546 1120 1612 inscitius
1140 1569 1240 1632 quam
1259 1568 1331 1611 eam

38 1693 42 1711 ‚
113 1662 138 1713 c?
153 1640 318 1719 naturam,
342 1658 424 1721 quae
448 1657 560 1700 omnes
584 1657 635 1700 res
667 1635 711 1700 sit
742 1636 923 1720 complexa,
959 1657 1027 1699 non
1057 1639 1228 1719 optumam
1258 1634 1373 1720 dici,1r

16 1714 101 1813 ’ζ”,ἷς
130 1729 225 1813 ζωή,
249 1747 322 1789 cum
345 1725 390 1788 sit
418 1729 565 1809 optuma,
596 1746 666 1789 non
694 1724 838 1809 primurn
868 1725 1069 1789 animantem
1099 1747 1184 1809 esse,
1216 1724 1331 1790 deinde

23 1842 38 1899 j
53 1818 99 1887 sa?
154 1813 291 1877 rationis
316 1818 350 1877 ct
373 1813 501 1878 consilii
525 1817 723 1898 compotem,
746 1818 913 1897 postremo
933 1812 1136 1898 sapientem?
1161 1811 1226 1888 Qui
1245 1813 1332 1878 enim

27 1898 32 1905 ’
142 1905 265 1987 'potest
289 1903 385 1966 aliter
408 1925 478 1967 esse
502 1903 659 1986 optuma?
705 1901 820 1987 Neque
844 1902 944 1987 enim,
972 1902 1001 1967 si
1029 1901 1182 1986 stirpium
1213 1901 1331 1967 similis

156 1991 200 2055 sit
223 1990 398 2056 autetiam
421 1991 615 2076 bestiarum,
639 1991 764 2076 optima
786 1991 932 2076 putanda
956 1991 1000 2056 sit
1022 1991 1133 2076 potius
1158 2013 1259 2075 quam
1281 1990 1333 2055 de

156 2080 303 2165 terrima,
326 2102 386 2145 nec
407 2103 499 2165 vero,
523 2081 551 2146 si
575 2080 713 2145 rationis
737 2080 901 2164 particeps
934 2080 978 2145 sit
1009 2101 1069 2145 nec
1101 2079 1146 2144 sit
1177 2083 1290 2144 tamen
1313 2101 1376 2144 aec

155 2170 317 2254 principio
342 2169 485 2254 sapione,
508 2190 576 2234 non
600 2169 644 2234 sit
663 2169 805 2234 deterior
818 2168 930 2234 mundi
944 2168 1055 2254 potius
1075 2189 1174 2254 quam
1188 2168 1333 2234 humana

156 2258 317 2343 condicio,
340 2257 438 2322 homo
458 2258 545 2322 enim
564 2257 693 2343 sapiens
717 2257 788 2322 fieri
805 2262 929 2343 potest,
953 2258 1091 2322 mundus
1116 2260 1227 2322 autem
1251 2257 1280 2322 si
1297 2257 1334 2321 in

155 2350 288 2410 aeterno
321 2345 490 2430 praeteriti
520 2348 677 2432 temporis
710 2347 817 2431 spatio
851 2346 916 2411 fuit
944 2347 1116 2431 insipiens,
1151 2368 1333 2431 numquam

156 2434 304 2519 profecto
338 2434 532 2519 sapientiam
567 2441 799 2522 consequetur,
835 2435 883 2499 ita
916 2435 978 2500 erit
1010 2434 1142 2500 homine
1181 2435 1333 2500 deterior.

157 2521 252 2598 Quod
275 2523 429 2607 quoniam
453 2524 629 2588 absurdum
654 2529 718 2609 est,
742 2529 775 2589 et
799 2525 927 2609 sapiens
952 2546 971 2587 a
998 2524 1162 2609 principio
1191 2524 1375 2589 mundusne

193 2703 217 2753 1.
236 2698 344 2766 alicuid
361 2704 516 2752 extremum.
553 2698 595 2751 De
609 2699 655 2753 fin.
667 2699 715 2767 III,
771 2698 925 2753 feindliche
939 2697 1051 2753 Gewalt
1065 2697 1111 2752 die
1120 2698 1200 2752 Welt
1212 2697 1244 2752 in
1257 2696 1334 2752 ihrer

156 2774 206 2821 26:
225 2769 308 2823 seretis
327 2769 407 2835 enim,
427 2770 514 2836 credo,
532 2786 573 2824 rnc
586 2772 642 2824 iarn
657 2771 716 2838 die,
771 2769 972 2839 Entwicklung
995 2768 1119 2838 aufhdlt,
1150 2787 1185 2823 zu
1211 2768 1333 2838 folgern,

156 2841 229 2908 quod
246 2837 323 2902 τέλος
343 2839 444 2894 Graeci
461 2841 566 2907 dicuat,
585 2843 616 2895 id
629 2843 717 2896 dicere
770 2840 841 2894 wird
855 2857 905 2907 aus
920 2841 1083 2895 demselben
1098 2840 1144 2896 ein
1158 2838 1334 2894 identischer

156 2919 213 2966 tem
242 2917 433 2978 extremum,
463 2917 522 2966 tem
548 2913 715 2980 ultimum,
771 2911 938 2966 Sohlusssatn
962 2911 1127 2966 entwickelt
1150 2943 1183 2952 -
1211 2909 1333 2965 circulus

156 2989 215 3037 terre
228 2999 401 3049 summurn
414 2983 504 3038 licebit
518 2983 600 3038 ctiam
612 2985 716 3051 finem
770 2982 800 3035 in
819 2982 1046 3038 demonstrando.

152 3071 206 3123 pro
224 3060 340 3109 extremo
358 3061 408 3109 eet
425 3055 521 3109 ultime
540 3055 634 3109 dicere.
808 3059 849 3107 12.
865 3055 1161 3110 omnites=emreibue
1173 3055 1264 3122 rebus,
1278 3052 1333 3106 wie

193 3131 217 3178 2.
236 3141 286 3179 seo
304 3127 421 3194 quodem
446 3126 544 3180 itinere
567 3122 605 3180 ‘in
626 3126 716 3195 regcl·
771 3124 805 3193 Il,
819 3131 882 3191 1333
896 3125 930 3192 II,
941 3129 975 3177 41
987 3146 993 3178 :
1004 3127 1133 3180 omnium.

156 3193 285 3265 mitssiger
298 3191 520 3265 Entwicklung’.
538 3197 655 3266 Vgler:
671 3198 717 3252 via
809 3201 850 3250 13.
870 3202 896 3250 et
913 3197 1030 3265 quidem,
1049 3213 1071 3249 s.
1085 3215 1107 3250 z.
1118 3195 1139 3263 1,
1149 3200 1193 3249 82.

152 3267 374 3336 propredierrtem.
808 3268 1012 3335 uomentem,
1020 3265 1086 3321 weil
1095 3264 1332 3321 derStoilrerlrei-

194 3343 218 3389 3.
237 3337 346 3402 fabrica
369 3335 537 3391 bezeichnet
554 3337 593 3390 im
607 3336 716 3407 Gegen·
771 3336 1334 3393 nenUnterschiedmachtewischendem

157 3408 217 3459 satz
240 3423 273 3458 zu
292 3408 473 3461 architectura
502 3407 547 3461 die
571 3407 718 3465 Baukunst
771 3408 1016 3463 beherrschenden
1026 3406 1333 3478 Principindechlt,

159 3476 188 3529 in
216 3475 378 3545 Beziehung
405 3476 456 3530 auf
479 3477 525 3530 die
553 3479 717 3534 technische
772 3480 821 3533 der
840 3479 1006 3546 Weltseele,
1027 3479 1151 3534 welcher
1169 3481 1267 3549 strong
1285 3496 1334 3551 ge·

158 3546 243 3602 Scite.
770 3549 1085 3605 nommendochallein
1095 3549 1336 3606 dieseePrtditnt

193 3625 218 3673 4.
230 3620 330 3674 hebent
340 3649 373 3658 -
383 3619 504 3686 effectum
518 3617 587 3672 ‘ihre
598 3619 716 3691 Schdpf-
771 3620 927 3689 zukommt,
941 3621 999 3675 und
1013 3622 1063 3676 der
1070 3620 1149 3676 Welt
1163 3621 1205 3677 als
1215 3621 1335 3678 eolcher.

156 3688 310 3760 ungenbis
324 3689 461 3744 zueinem
475 3690 612 3759 gewissen
625 3690 717 3746 Gradu
808 3697 850 3747 15.
883 3694 920 3747 sit
956 3694 1094 3762 complere
1130 3718 1158 3738 =

157 3760 717 3885 (frigendum)derVollendungentgegen·
771 3769 861 3819 terreat
879 3763 924 3834 (ΙΙ,
936 3765 989 3834 30).
1018 3764 1052 3817 In
1066 3762 1232 3818 demselben
1267 3762 1335 3820 inne

171 3838 187 3885 u
210 3827 281 3887 ren’.
771 3839 843 3900 §38.

195 3910 219 3958 ὅ.
238 3904 270 3958 ire
288 3904 364 3958 omni
380 3910 485 3959 notura
502 3930 529 3948 =
545 3905 577 3958 ire
590 3905 717 3960 universa
805 3911 849 3960 18.
869 3906 1007 3975 stirpium,
1026 3922 1047 3961 e.
1062 3905 1096 3975 II,
1108 3910 1142 3960 26
1161 3923 1185 3962 a.
1199 3907 1335 3977 stirpitus

158 3982 261 4029 cratero
298 3975 366 4029 oder
401 3977 433 4030 ie
467 3991 559 4030 rerum
596 3977 718 4030 omnium
771 3977 868 4045 indeo.
1281 4021 1287 4032 .

157 4053 269 4100 natura.
808 4046 1334 4117 22.eapicreeficripoteet,durchUnter·

196 4122 237 4170 10.
255 4133 308 4185 quo
326 4117 404 4172 nulia
422 4119 463 4171 rie
476 4117 565 4186 poerit
587 4117 717 4172 accedere.
771 4116 848 4171 richt
865 4118 923 4171 und
940 4106 1052 4188 Ubung.
1086 4116 1150 4174 Sen.
1165 4135 1209 4189 ep.
1225 4125 1273 4188 90,
1293 4135 1334 4176 rer

158 4186 224 4238 Man
234 4189 366 4241 erwartet
379 4185 516 4243 rielmehr
531 4186 585 4242 den
596 4186 717 4242 Sohluss:
771 4190 860 4245 vidue
889 4192 927 4257 (=
944 4190 1094 4259 sapientie)
1118 4205 1176 4245 eron
1197 4191 1340 4262 contine&

157 4263 287 4325 qaenam
319 4260 398 4313 iilum
430 4260 547 4330 pradum
577 4275 631 4314 cese
653 4276 716 4384 per·
771 4262 865 4315 animo
882 4260 940 4316 reici
956 4261 1084 4316 instituio
1102 4265 1128 4316 ci
1145 4261 1237 4318 edocto
1255 4267 1281 4318 ci
1296 4261 1337 4318 ad
1376 4306 1379 4311 .

157 4329 343 4394 sectiesimum.
385 4331 501 4384 Anstett
528 4329 626 4385 diesen
673 4332 717 4385 atz
770 4346 905 4387 summum
927 4332 1042 4387 areidae
1059 4332 1256 4389 concitatione
1268 4349 1334 4404 pcr-
1368 4378 1371 4383 .

157 4413 209 4451 aus
238 4398 288 4453 der
313 4398 514 4471 Bchauptung,
543 4399 600 4455 dass
633 4400 717 4456 keine
770 4403 860 4459 ducto·
