2790 4800
387 160 720 250 mallerten-re.
739 199 919 259 sno-123.
1175 196 1238 262 163

58 357 289 422 membrorum.
336 355 455 421 Omnia
478 356 580 440 enirn,
609 380 691 442 quae
721 357 852 441 quidem
878 357 968 422 intus
996 357 1122 423 inclusa
1149 360 1236 441 sunt,

57 447 106 511 ita
128 450 207 510 nata
226 445 380 530 atqueita
393 446 500 510 locata
512 449 602 529 sunt,
625 451 663 510 ut
675 446 759 510 nihil
772 469 884 511 eorum
894 468 1167 531 supervacaneum
1181 446 1235 530 sit,

57 535 142 599 nihil
169 535 210 600 ad
240 534 344 599 vitam
376 535 580 599 retinendam
613 558 679 600 non
710 536 939 600 necessarium.
993 534 1093 600 Dedit
1125 540 1235 600 autem
1247 545 1298 596 122

58 625 171 688 eadem
189 628 308 688 natura
326 624 430 688 beluis
446 628 480 689 et
501 646 632 688 sensum
647 629 680 689 et
698 625 896 709 appetitum,
911 629 949 689 ut
963 625 1066 689 altero
1081 628 1235 689 conatum

26 712 218 778 shaberent
242 713 282 777 ad
303 699 470 778 natiirales
498 717 613 797 pastus
642 713 871 798 capessendos,
899 714 1003 778 altero
1031 718 1235 779 secernerent

57 800 216 886 pestifera
238 825 257 866 a
281 801 487 867 salutaribus.
516 802 586 866 lam
609 825 685 868 vero
709 803 773 868 alia
792 802 947 867 animalia
965 803 1151 889 gradiendo,
1170 803 1236 867 alia

58 891 217 976 serpendo
233 890 273 955 ad
287 895 419 976 pastum
433 890 598 975 accedunt,
613 892 678 956 alia
691 892 839 977 volando,
853 891 1043 976 alienando,
1062 891 1235 976 cibumque

57 980 181 1064 partim
200 980 266 1045 oris
285 979 379 1044 hiatu
398 985 431 1045 et
450 980 600 1044 dentibus
618 981 699 1065 ipsis
724 985 911 1065 capessunt,
934 980 1057 1066 partim
1075 982 1235 1066 unguium

58 1069 237 1134 tenacitate
256 1069 432 1153 arripiunt,
455 1070 576 1154 partim
595 1069 782 1135 aduncitate
800 1074 996 1155 rostrorum,
1019 1070 1084 1134 alia
1103 1073 1236 1156 sugunt,

14 1178 39 1218 ιο
58 1158 125 1223 alia
148 1162 299 1243 carpunt,
323 1158 388 1224 alia
411 1163 542 1243 vorant,
565 1158 629 1223 alia
653 1159 823 1244 mandunt,
848 1163 945 1244 atque
970 1159 1069 1223 etiam
1093 1159 1236 1223 aliorum

58 1271 97 1312 ea
116 1252 167 1312 est
184 1246 368 1331 humilitas,
386 1251 424 1312 ut
444 1248 552 1312 cibum
571 1252 761 1313 terrestrem
779 1248 896 1312 rostris
914 1248 1011 1313 facile
1026 1249 1235 1334 contingant3

58 1359 142 1422 quae
166 1341 276 1401 autem
299 1336 418 1401 altiora
441 1340 532 1420 sunt,
555 1342 593 1401 ut
616 1359 764 1421 ansereS,
787 1341 825 1401 ut
844 1337 955 1423 cygni,
987 1341 1025 1402 ut
1057 1359 1164 1422 grues,
1197 1341 1298 1401 ut123

58 1424 188 1510 cameli,
218 1425 413 1490 adiuvantur
442 1426 640 1509 proceritate
678 1426 849 1511 collorum,
879 1447 994 1491 manus
1025 1426 1126 1491 etiam
1158 1426 1235 1490 data

57 1514 233 1599 elephanto
258 1519 322 1598 est,
352 1515 429 1599 quia
455 1518 591 1599 propter
619 1515 879 1600 magnitudinem
909 1515 1054 1599 corporis
1085 1514 1234 1579 difficiles

10 1623 37 1664 15
56 1603 168 1668 aditus
190 1602 336 1673 habebat,
356 1603 397 1669 ad
419 1608 559 1688 pastum.
606 1602 652 1668 At
681 1603 798 1689 quibus
829 1604 945 1669 bestiis
977 1609 1048 1668 erat
1074 1604 1102 1669 is
1132 1604 1234 1689 cibus,
1253 1606 1297 1673 48

56 1697 96 1757 ut
121 1692 256 1758 alterius
280 1693 409 1778 generis
435 1693 548 1758 bestiis
572 1696 793 1778 vescerentur,
816 1698 874 1758 aut
896 1693 982 1758 vires
1005 1697 1123 1758 natura
1146 1693 1236 1758 dedit

57 1786 117 1846 aut
140 1780 349 1847 celeritatem.
396 1780 483 1846 Data
507 1786 557 1847 est
580 1782 774 1866 quibusdam
795 1783 895 1847 etiem
918 1781 1117 1847 machinatio
1137 1805 1234 1866 quae-

56 1871 133 1935 dam
157 1874 255 1955 atque
278 1870 439 1955 sollertia,
461 1875 500 1934 ut
522 1871 557 1934 in
580 1871 740 1936 araneolis
764 1872 846 1936 aliae
880 1871 972 1956 quasi
1001 1876 1071 1936 rete
1109 1875 1236 1956 texunt,

55 1964 108 2045 ut,
133 1960 162 2024 si
191 1958 269 2044 quid
300 1959 492 2044 inhaeserit,
523 1960 711 2044 conficiant,
742 1961 824 2025 aliae
854 1965 964 2025 autern
995 1983 1033 2024 ex
1063 1960 1234 2043 inopinato

10 2069 36 2108 ro
57 2049 235 2113 observant
267 2052 313 2132 et,
352 2048 380 2113 si
412 2049 491 2132 quid
526 2049 657 2133 incidit,
695 2049 856 2133 arripiunt
892 2050 989 2134 idque
1029 2053 1233 2113 consumunt.

93 2248 119 2296 3.
138 2240 224 2297 Dedit
236 2247 340 2296 natura
355 2243 407 2296 etc.
432 2240 516 2296 Diese
530 2242 618 2295 teleo·
674 2239 770 2296 Cicero
784 2241 865 2295 nicht
879 2241 969 2295 selten
984 2240 1029 2294 die
1040 2242 1234 2310 ungebrtuch·

55 2309 620 2382 logiacheWeItanschauungderStoiker
673 2312 748 2367 licha
758 2311 949 2368 Genetivform
960 2314 1039 2367 alins.
1056 2312 1120 2381 Vgl.
1130 2311 1234 2367 adAtt.

55 2382 229 2453 belrtmpfen
257 2382 303 2438 die
326 2382 494 2453 Epikureer,
525 2383 619 2437 indem
673 2384 692 2453 l,
709 2390 769 2453 5,1:
784 2385 967 2451 mihiomnr'a,
982 2384 1187 2453 quaeincnncla
1201 2399 1236 2438 en

55 2454 98 2579 {le
118 2454 205 2579 jinen
228 2453 541 2580 clineFVlerwccbsehprg
563 2471 623 2579 verr}
672 2456 970 2582 hulissnllalgetllffl
978 2456 1099 2579 ‹a'cndxelrte
1108 2461 1235 2580 ροεΙεαψξ,

77 2542 137 2580 wec
191 2543 229 2580 un
308 2542 466 2580 oenum
516 2542 592 2580 orwu
673 2544 724 2582 erce
768 2544 827 2581 acer
878 2544 896 2580 a
929 2542 1035 2581 .-1e
1094 2543 1128 2578 en
1166 2542 1234 2579 au·

55 2597 185 2652 macheu.
212 2596 266 2652 Die
279 2543 435 2667 Epiliureer
451 2614 550 2666 sagen:
566 2597 618 2650 Die
672 2602 729 2665 ten,
743 2597 799 2651 dall
807 2596 853 2651 die
861 2597 943 2652 'licre
951 2596 1012 2651 sich
1020 2544 1161 2651 nichtvdir
1169 2596 1233 2652 'Pie-

55 2669 149 2738 Vogel
158 2667 269 2738 thegen,
282 2666 348 2722 weil
357 2667 398 2722 sie
407 2668 506 2737 Flagel
516 2668 616 2737 haben,
672 2686 722 2724 reu
735 2669 812 2722 ihrer
826 2668 945 2738 eigenen
959 2667 1086 2738 Gattung
1103 2669 1233 2724 uthrten.

55 2739 138 2793 nicht
156 2739 223 2794 aber
239 2738 331 2794 haben
351 2738 496 2794 dieselben
509 2739 616 2810 Flflgcl‚
710 2745 751 2795 18.
770 2746 802 2795 nl
820 2741 852 2794 ln
869 2741 1020 2806 araneolis,
1040 2757 1060 2793 s.
1076 2741 1100 2808 l,
1112 2744 1146 2795 67
1160 2758 1182 2796 z.
1202 2741 1235 2794 in

54 2829 104 2864 um
122 2809 226 2880 fliegen
244 2828 278 2864 au
295 2810 417 2865 konnen.
676 2812 775 2866 Venere
782 2810 845 2866 Oea.
861 2809 1047 2865 Sonstwr‘irde
1057 2810 1104 2864 bei
1112 2811 1162 2865 der
1168 2828 1232 2880 par-

91 2888 118 2936 4.
138 2888 266 2937 mnalnm
285 2879 352 2936 ‘den
370 2878 477 2936 Trieb'.
671 2881 775 2937 titiven
783 2881 954 2952 Apposition
968 2882 1018 2936 das
1030 2880 1233 2936 Gewohnliche

92 2953 616 3023 &dealbarepelaalaonipeamens.
672 2953 722 3008 der
735 2952 877 3007 Nominat.
893 2952 966 3006 sein:
985 2959 1018 3008 nl
1036 2954 1182 3008 araneolae
1198 2984 1233 2993 -

94 3030 136 3079 10.
169 3031 295 3094 carpant.
333 3024 384 3078 Or.
413 3023 480 3080 Met.
508 3025 528 3092 Ι,
549 3030 615 3078 299:
669 3025 875 3079 allae-allae.
892 3022 1232 3092 Vgl.jedoehdefin.lll,

54 3112 170 3167 pramen
187 3111 310 3165 carpsere
328 3097 454 3164 capellae.
671 3102 717 3151 63:
730 3101 761 3150 nt
773 3096 805 3149 in
816 3096 941 3150 menbris
951 3096 1011 3150 alia
1019 3101 1085 3150 eant
1094 3101 1234 3164 tamqnam

94 3172 136 3222 12.
155 3184 224 3236 qnae
242 3173 332 3222 antem
350 3168 452 3222 altiora
470 3173 536 3222 ean
555 3168 614 3220 ent·
669 3168 724 3223 nbi
735 3172 813 3234 nala,
827 3167 886 3220 alla
897 3167 980 3220 etiam
991 3172 1138 3222 celerornm
1154 3183 1233 3221 mem-

56 3236 168 3309 spricht
185 3236 404 3292 anakoluthisch
428 3237 491 3292 dem
515 3254 615 3291 voran-
671 3241 780 3294 brornm
788 3253 868 3292 neam
876 3238 1234 3306 niceanslcoeniaeen.

54 3308 206 3379 gehenden
223 3310 348 3374 aliorum.
708 3316 749 3365 19.
769 3325 802 3364 ea
819 3309 973 3378 inopinato.
1010 3308 1062 3362 Bei
1079 3309 1130 3364 der
1147 3309 1235 3363 Wahl

94 3386 136 3436 13.
173 3396 284 3448 manae,
331 3379 382 3434 das
419 3379 615 3449 gewbhnliehe
671 3379 762 3434 dieses
785 3379 965 3434 Ausdruclres
988 3397 1047 3434 war
1074 3380 1154 3435 mehr
1181 3381 1234 3435 des

54 3451 139 3506 Wort
151 3449 197 3505 ffir
208 3451 263 3505 den
275 3451 377 3505 lti'issel
394 3451 443 3504 des
457 3451 615 3505 Elefanten.
670 3451 804 3525 folgende
817 3453 960 3522 arripiant
973 3452 1016 3506 als
1033 3452 1083 3506 das
1097 3453 1235 3506 zuntchst

55 3520 132 3578 Cart.
142 3521 216 3592 VIII,
225 3528 265 3590 14,
277 3538 315 3578 ar:
326 3523 458 3578 terribelle
467 3523 517 3577 alla
530 3523 616 3590 facies
671 3523 807 3578 stehende
830 3525 972 3579 observant
989 3521 1176 3593 mallgebend,
1196 3523 1235 3576 da

54 3599 125 3661 erat,
143 3609 204 3649 cnm
221 3611 307 3649 mann
325 3610 413 3649 anna
422 3595 545 3662 viresqne
559 3609 616 3648 cor-
670 3595 866 3664 exinopinata
884 3593 930 3648 die
949 3582 1166 3663 llberraschung
1182 3594 1232 3648 be·

54 3666 177 3734 riperent
194 3666 336 3735 elephanti.
671 3664 812 3732 celebret,
832 3666 938 3719 welche
963 3666 1052 3719 durch
1073 3665 1123 3719 das
1141 3665 1232 3734 plota-

94 3741 136 3791 15.
153 3737 276 3792 babebat.
304 3735 360 3790 Das
384 3734 542 3806 Imperfect.
566 3735 615 3790 be·
670 3737 744 3791 liche
773 3736 920 3790 Eintreten
953 3735 1032 3789 eines·
1056 3734 1233 3805 Ereignisses

55 3805 187 3861 aeichnet
201 3806 256 3861 den
269 3806 424 3878 Zeltpunlrt
438 3806 468 3860 in
482 3807 532 3862 der
546 3806 615 3860 Ver·
670 3807 888 3877 hervorgerulen
907 3806 986 3860 wird.

55 3878 242 3948 gangenheit‚
262 3877 292 3933 in
310 3879 457 3947 walchem,
486 3878 540 3932 wie
568 3894 615 3932 an-
708 3885 750 3935 20.
783 3881 809 3933 sl
844 3879 912 3947 qnid
947 3879 1055 3933 incidit.
1091 3877 1128 3930 Es
1161 3876 1232 3930 wird

55 3965 224 4018 genomrnen
238 3949 316 4018 wird,
338 3949 384 4004 die
398 3949 547 4004 Elefanten
561 3966 616 4003 von
670 3948 887 4005 unterschieden
902 3949 1042 4003 zwieehen
1056 3948 1232 4003 netzweben·

55 4021 107 4074 der
130 4020 222 4074 Natur
243 4021 318 4076 noch
342 4021 424 4075 nicht
447 4021 501 4075 mit
526 4020 618 4075 einem
672 4021 726 4075 den
746 4020 871 4090 Spinnen
890 4021 948 4074 und
967 4021 1023 4074 den
1041 4019 1233 4090 springenden

54 4091 157 4146 Rbesel
172 4093 359 4162 ausgestattet
372 4109 478 4161 waren,
495 4092 546 4146 der
559 4094 618 4146 erst
672 4093 740 4146 oder
758 4091 910 4146 lausenden
925 4091 1056 4161 Spinnen,
1077 4091 1131 4144 den
1150 4106 1232 4160 soge-

55 4163 132 4216 dann
157 4163 343 4234 hinzugefdgt
366 4164 473 4231 warde,
501 4163 543 4217 als
571 4162 617 4217 die
671 4161 1012 4232 nenntenJagdspinnen,
1026 4162 1141 4230 welche,
1157 4161 1233 4215 ohne

54 4233 289 4304 Notwendigkeit
319 4235 379 4289 sich
411 4233 616 4289 herauestellte.
672 4233 761 4288 Netze
775 4251 808 4286 zu
822 4234 926 4301 waben,
947 4233 1008 4288 sich
1022 4250 1072 4287 aus
1082 4233 1146 4287 dem
1161 4232 1232 4287 Ver-

94 4305 617 4377 1e.alnrtar9ennn,diefldschr.an-
672 4304 751 4359 steck
768 4304 869 4358 hernus
890 4304 941 4358 auf
954 4304 1001 4358 die
1015 4304 1108 4374 Opfer,
1124 4303 1232 4358 welche

53 4379 88 4431 ia.
112 4375 170 4431 Der
184 4375 303 4432 Genetiv
316 4378 430 4433 alterins
444 4376 558 4432 vertritt
570 4374 618 4430 bei
671 4375 702 4430 in
709 4375 1058 4444 ihrenBereichkommen‚
1067 4376 1232 4431 losstfirzen.

963 4465 1017 4518 m*
