2790 4800
127 243 191 309 168
509 237 557 292 DE
576 235 730 290 NATURA
748 234 913 290 DEORUM.

127 402 168 467 ad
182 401 353 466 serendum
367 386 532 486 relinquit.
556 399 828 483 Mesopotamiam
842 399 985 463 fertilem
995 397 1097 463 efficit
1106 397 1300 483 Euphrates,

127 492 162 556 in
186 513 284 576 quam
308 497 389 575 quot
411 512 513 554 annos
538 489 632 574 quasi
654 511 756 554 novos
781 510 878 575 agros
906 487 1041 552 invehit.
1087 486 1189 552 Indus
1217 509 1299 572 vero,

128 581 185 666 qui
208 584 259 644 est
283 579 429 644 omnium
451 578 623 642 fluminum
652 578 826 662 maximus,
856 599 924 641 non
953 599 1039 661 aqua
1068 577 1175 641 solum
1206 598 1299 662 agros

127 669 284 734 laetificat
308 671 340 731 et
368 667 514 753 mitigat,
538 667 593 732 sed
622 689 676 731 eos
710 669 808 731 etiam
841 666 997 750 conserit,
1029 687 1185 752 magnum
1218 665 1300 729 enim

127 759 194 823 uim
231 757 391 822 seminum
428 778 538 820 secum
574 755 732 820 frumenti
773 755 930 820 similium
971 754 1091 819 dicitur
1122 754 1324 838 deportaret

67 861 116 910 131
128 846 297 930 Multaque
320 845 384 909 alia
407 845 443 908 in
465 844 536 909 aliis
560 845 641 909 locis
665 843 963 909 commemorabilia
985 842 1131 928 proferre
1158 866 1300 928 possum,

66 939 109 1003 53
128 935 249 999 multos
273 934 398 998 fertiles
422 955 519 1020 agros
544 934 625 998 alios
649 933 788 998 aliorum
810 933 986 1020 fructuum.
1023 930 1087 997 Sed
1104 931 1163 997 illa
1181 936 1301 1017 quanta

129 1023 316 1109 benignitas
340 1026 489 1106 naturae,
513 1022 600 1107 quod
622 1027 691 1086 tam
714 1022 818 1086 multa
836 1022 877 1086 ad
895 1022 1102 1107 vescendum,
1125 1025 1196 1085 tam
1215 1021 1301 1086 varia

130 1117 163 1177 et
185 1117 254 1176 tam
276 1111 418 1176 iucunda
441 1111 564 1198 gignit,
586 1133 691 1195 neque
706 1134 743 1175 ea
757 1132 822 1175 uno
841 1115 988 1196 tempore
1007 1110 1097 1194 anni,
1119 1113 1158 1174 ut
1177 1133 1301 1194 semper

130 1206 163 1266 et
189 1201 336 1266 novitate
367 1200 564 1265 delectemur
592 1204 625 1264 et
653 1200 759 1285 copia!
811 1198 915 1275 Quam
948 1199 1161 1284 tempesstivo
1195 1203 1337 1264 antemio

130 1290 232 1374 dedit,
252 1312 350 1374 quam
369 1289 528 1354 salutares
547 1311 614 1354 non
632 1289 729 1353 modo
747 1287 931 1373 hominum,
951 1289 1007 1353 sed
1026 1287 1126 1352 etiam
1144 1288 1301 1372 pecudum

130 1379 255 1465 generi,
281 1378 323 1443 iis
354 1378 491 1463 denique
520 1378 681 1463 omnibus,
714 1400 795 1463 quae
827 1377 978 1442 oriuntur
1011 1399 1027 1442 e
1057 1382 1160 1462 terra,
1190 1382 1301 1442 ventos

131 1468 277 1533 Etesiae!
302 1489 440 1551 quorum
462 1467 543 1532 flatu
573 1467 667 1531 nimii
699 1471 925 1551 temperantur
957 1467 1094 1551 calores,
1127 1466 1169 1530 ab
1201 1466 1302 1531 isdem

132 1557 231 1621 etiam
256 1556 414 1621 maritimi
438 1579 550 1621 cursus
576 1556 694 1620 celeres
714 1561 748 1621 et
771 1556 852 1620 certi
871 1555 1072 1642 deriguntur.
1096 1554 1203 1621 Multa
1217 1577 1303 1640 prae

71 1660 121 1709 132
132 1645 289 1710 tereunda
312 1649 390 1709 sunt
415 1647 461 1725 [et
490 1649 601 1709 tamen
630 1645 735 1708 multa
765 1645 940 1726 dicuntur].
993 1644 1190 1708 Enumerari
1221 1644 1302 1709 enim
1317 1660 1338 1702 u

130 1756 198 1799 non
219 1738 359 1818 possunt
381 1733 552 1798 fluminum
577 1733 856 1818 opportunitateS,
884 1738 994 1798 aestus
1022 1732 1181 1797 maritimi
1211 1734 1302 1814 [mul-

132 1825 216 1904 tum]
241 1822 430 1887 accedentes
455 1826 487 1887 et
511 1822 711 1907 recedentes,
734 1827 862 1887 montes
881 1823 995 1887 vestiti
1013 1826 1111 1906 atque
1130 1822 1304 1905 silvestres,

132 1912 255 1977 salinae
280 1912 320 1976 ab
345 1933 402 1976 ora
425 1911 590 1976 maritima
614 1911 866 1996 remotissimae,
889 1911 1202 1976 medicamentorum
1226 1912 1305 1976 salu-

132 2001 253 2065 turium
276 2000 485 2085 plenissimae
508 2006 628 2085 terrae,
651 2000 811 2065 utilitates
836 2001 974 2085 denique
997 2000 1253 2065 innumerabiles
1268 1999 1304 2064 ad

131 2090 256 2155 victum
280 2095 313 2154 et
336 2090 377 2154 ad
399 2090 501 2155 vitam
518 2089 729 2154 necessariae.
752 2089 823 2153 lam
842 2089 907 2154 diei
924 2089 1096 2173 noctisque
1114 2089 1303 2154 vicissitudo
1320 2107 1342 2148 1

134 2184 304 2245 conservat
327 2179 508 2244 animantes
531 2178 678 2243 tribuens
694 2178 782 2243 aliud
801 2178 919 2265 agendi
938 2183 1084 2263 tempus,
1108 2177 1198 2243 aliud
1223 2179 1306 2263 quie

172 2423 383 2493 1131111111,
407 2423 479 2477 Plin.
498 2442 525 2478 n.
544 2424 571 2478 h.
591 2424 623 2492 V,
644 2430 692 2478 26:
746 2423 805 2478 Liv.
820 2424 853 2491 V,
865 2431 943 2493 34,r:
970 2424 1065 2479 Gallio
1086 2425 1202 2495 frugum
1224 2425 1306 2479 tomi·

134 2497 261 2550 inarescet
279 2501 370 2550 auteru
388 2494 569 2565 (Euphrates)
594 2497 693 2564 etipse
747 2512 865 2564 reumque
881 2497 990 2564 fertilis.
1020 2495 1087 2550 Sall.
1105 2497 1166 2565 Ing.
1179 2495 1268 2564 XVII,
1279 2503 1306 2549 5:

134 2567 199 2621 eri
229 2567 307 2621 modo
339 2568 418 2620 uatis
449 2567 543 2621 diebus
575 2568 694 2635 paulum
748 2584 813 2638 aper
830 2569 944 2638 frugum
962 2568 1070 2635 fertilis.

135 2639 253 2705 diffusus
271 2655 305 2692 ae
322 2638 547 2706 Mesopotamium
565 2639 693 2692 iuuudat.
785 2644 826 2692 12.
845 2645 937 2693 ocutos
954 2639 1077 2700 Etesiae,
1106 2637 1152 2692 die
1175 2637 1307 2692 wahrend

171 2714 195 2762 2.
223 2715 287 2777 quot
313 2724 414 2775 auuos,
443 2709 498 2776 eig.
527 2708 583 2762 alle
608 2708 694 2762 Jahre
749 2709 799 2763 der
817 2709 985 2779 Hundstage
1003 2708 1033 2762 in
1051 2709 1108 2763 den
1124 2708 1307 2764 Mittelmeer-

134 2778 288 2846 hindurch,
307 2779 426 2833 berthrt
453 2778 514 2833 sich
541 2779 615 2833 nahe
642 2779 695 2833 mit
750 2780 868 2834 ltndem
882 2781 1039 2834 wehenden
1055 2779 1307 2835 Nordweetwinde.

135 2857 199 2920 quot
216 2853 306 2915 auris,
327 2851 364 2903 da
381 2867 446 2903 man
464 2866 520 2905 von
539 2850 616 2918 dem,
636 2868 694 2904 was
786 2858 827 2905 14.
846 2853 940 2907 celeres
958 2858 983 2907 et
997 2853 1073 2920 certi,
1092 2851 1137 2905 die
1151 2851 1240 2921 Folge
1256 2868 1309 2905 von

136 2921 197 2975 sich
220 2921 276 2976 alle
304 2922 389 2976 Jahra
417 2921 592 2990 wiederholt,
622 2922 695 2975 auch
749 2924 920 2994 deriguntur,
944 2939 975 2976 so
999 2924 1055 2977 dall
1079 2922 1125 2976 die
1144 2921 1308 2977 Seefehrten

136 3009 222 3062 sagen
231 2992 317 3061 kann,
336 2992 393 3046 (1111
411 3009 440 3047 11
454 2993 588 3046 1111111
603 2992 694 3047 dieses
749 2994 858 3048 schnell
866 2994 923 3047 und
931 2993 1087 3048 sichervon
1095 2994 1201 3048 stetten
1208 2994 1308 3064 gehen.

136 3064 224 3118 durch
251 3071 316 3133 quot
346 3066 430 3119 aureis
461 3063 589 3118 fixierten
621 3063 693 3118 Zeit-
787 3070 828 3119 15.
856 3066 897 3136 [et
928 3071 1018 3120 tumere
1045 3067 1132 3120 multu
1161 3065 1309 3136 dicuutur]

135 3151 246 3188 raumes
265 3134 421 3204 geschieht.
750 3135 796 3190 die
810 3136 1066 3206 Randbemerkung
1080 3135 1157 3190 eines
1171 3137 1308 3207 ungedul-

172 3213 195 3259 3.
230 3209 381 3273 mouimus,
419 3206 481 3261 eine
519 3205 695 3262 irrtttmliche
749 3207 836 3276 digen
854 3207 961 3273 Lesers,
980 3207 1104 3262 welcher
1118 3206 1217 3262 Cicero
1236 3208 1309 3261 trote

136 3276 334 3345 Vorstellung‚
362 3277 408 3330 die
435 3276 509 3332 viele
542 3279 592 3332 der
618 3278 695 3332 alten
749 3279 798 3332 dee
830 3278 883 3332 mit
909 3280 997 3333 multu
1025 3280 1228 3348 muuereuuclu
1245 3285 1309 3334 eunt

137 3345 694 3406 81111111111111111011111111111-
749 3349 980 3419 angekdndigten
1001 3349 1146 3403 Schlusses
1174 3349 1204 3403 in
1234 3351 1308 3404 dem-

135 3417 245 3486 Wegen
273 3418 322 3470 des
347 3418 467 3472 Maskul.
491 3437 512 3474 s.
532 3419 694 3489 Eli-seyr.
749 3421 846 3475 selben
866 3421 974 3474 Thema
991 3420 1149 3474 fortfahren
1168 3422 1251 3475 steht

137 3486 182 3543 Gr.
196 3488 320 3542 13111.
786 3499 827 3546 16.
846 3492 994 3563 [multum]
1013 3491 1123 3546 eoheint
1141 3492 1310 3546 entstanden

171 3565 196 3616 4.
216 3561 345 3628 laetificat
360 3555 482 3630 ‘dtingt’.
520 3561 593 3614 Plin.
620 3580 647 3614 n.
667 3561 694 3615 h.
750 3581 783 3616 zu
794 3562 856 3617 sein
865 3580 914 3616 aus
926 3562 1004 3617 einer
1017 3562 1311 3633 sibergesohriebenen

138 3631 243 3700 XVIII,
270 3637 316 3685 12:
354 3632 422 3698 futu
453 3633 539 3687 solum
566 3633 696 3700 laetificat
749 3634 1311 3702 Varianteture—tu·m(turnueeedeutes,

135 3699 695 3778 1111111111.-111119111011111111,
749 3712 807 3761 tum
825 3707 930 3773 iered).

172 3774 696 3843 1111111111111.1111111131
787 3782 828 3831 17.
847 3778 1127 3846 1111111111111111,
1146 3778 1244 3832 herbis.
1269 3775 1309 3830 cf.

136 3845 237 3900 Strabo
259 3845 317 3914 XV,
340 3866 367 3916 p.
386 3844 524 3913 694,(1111
545 3845 575 3899 in
595 3845 696 3900 Indien
749 3848 782 3916 II,
795 3854 836 3902 98.

135 3917 260 3970 waehse:
274 3913 491 3986 alterutrorum}
510 3919 589 3990 πυρῷ
603 3938 694 3987 παρα·
786 3925 827 3973 18.
847 3920 953 3974 saliuae
971 3920 1006 3973 ab
1030 3936 1078 3973 ora
1104 3921 1196 3974 morit.
1218 3925 1309 3974 remot.

135 3986 261 4056 πλήσιον.
284 3988 338 4042 Mit
352 3989 406 4043 den
420 3977 695 4044 llbersehwemmun-
749 3989 915 4045 Nattirliohe
947 3989 1100 4058 Salzlager,
1132 3989 1170 4043 im
1200 3989 1309 4060 (11311-

136 4061 250 4128 gendes
265 4060 349 4113 Indus
361 4061 457 4131 bringt
467 4078 496 4115 er
502 4061 608 4130 jedoch
618 4060 695 4114 diese
750 4065 808 4114 sata
827 4080 859 4114 zu
874 4063 937 4116 dem
952 4061 1124 4115 vermittelst
1138 4060 1311 4116 Seewessers

136 4129 332 4201 Erscheinung
352 4130 432 4186 nicht
453 4132 485 4185 in
501 4131 694 4201 Verbindung.
749 4151 771 4187 a.
796 4132 826 4187 B.
851 4132 883 4186 in
910 4134 965 4187 den
994 4132 1110 4186 Salinen
1141 4149 1198 4187 von
1231 4132 1311 4187 Ostia

175 4208 198 4256 7.
227 4204 346 4257 aliorum
377 4205 528 4271 fruetuum.
581 4205 696 4258 Fertilis
749 4203 895 4257 ktinstlich
913 4205 1104 4271 gewonnenen
1123 4202 1212 4259 Salze.

136 4271 190 4326 mit
217 4273 280 4327 dem
299 4273 396 4328 Genet.
416 4275 497 4330 relat.
521 4274 610 4329 findet
634 4274 695 4328 sich
787 4282 827 4329 19.
846 4277 989 4342 utilitates,
1018 4274 1080 4329 eine
1098 4274 1311 4344 Verbesserung

137 4342 184 4397 bei
199 4342 295 4398 Cicero
310 4363 362 4399 nur
381 4363 415 4398 an
431 4346 523 4400 dieser
538 4345 633 4413 Stelle,
648 4346 695 4399 bei
748 4345 842 4400 Kochs
862 4348 933 4400 statt
955 4347 1004 4399 (111
1022 4346 1136 4401 hdsehr.
1157 4352 1238 4402 aues.
1284 4347 1311 4403 S.

31 4430 34 4435 ·
136 4414 243 4469 andern
253 4415 419 4471 Prosaikern
432 4417 512 4471 nicht
522 4419 619 4473 selten.
629 4417 694 4486 Vgl.
749 4436 771 4472 z.
786 4417 806 4485 I,
817 4423 859 4486 38,
878 4417 935 4487 vgl.
951 4417 1055 4486 11145.
