2790 4800
145 244 187 310 88
531 237 580 291 DE
600 237 753 292 NATURA
771 237 936 293 DEORUM.

143 403 346 489 intellegere,
371 402 399 467 si
422 424 481 467 vos
504 401 569 487 ipsi
591 401 842 488 intellegeretis,
865 400 922 486 qui
942 401 1008 465 ista
1026 399 1210 467 defenditis.
1248 401 1323 478 Quo

143 493 240 558 modo
269 492 356 556 enim
382 491 502 576 probas
532 490 737 556 continenter
764 489 924 576 imagines
951 488 1053 554 ferri?
1090 494 1161 576 aut,
1190 490 1219 556 si
1247 512 1324 557 oon·

143 582 302 665 tinenter,
332 603 396 666 quo
422 580 519 644 modo
545 578 718 644 aeternae?
761 578 1062 664 Innumerabilitas,
1092 579 1216 666 inquis,
1246 603 1323 666 sup·

141 670 269 756 peditat
287 673 480 734 atomorum.
503 667 593 733 Num
611 668 723 735 eadem
746 690 824 754 ergo
846 668 913 733 ista
930 668 1043 753 faciet,
1066 672 1104 733 ut
1124 669 1192 734 sint
1211 670 1323 734 omnia

143 757 365 843 sempiterna?
403 755 560 843 Confugis
585 757 625 822 ad
646 757 924 842 aequilibritatem
942 753 1005 843 (sic
1024 757 1112 822 enim
1131 759 1322 844 ἰσονομίαν,
1339 778 1355 822 e

143 848 173 913 si
201 848 324 933 placet,
355 844 570 931 appellemus)
602 850 635 911 et
665 847 728 931 ais,
761 846 916 932 quoniam
946 846 990 912 sit
1019 850 1137 911 natura
1160 846 1323 933 mortalis,

142 936 362 1001 immortalem
382 935 481 1000 etiam
501 958 571 1002 esse
591 940 749 1020 oportere.
786 935 857 1000 Isto
874 935 980 1021 modo,
1000 936 1155 1021 quoniam
1168 935 1322 1002 homines

143 1025 299 1090 mortales
328 1028 417 1107 sunt,
448 1024 515 1089 sint
538 1024 640 1110 aliqui
662 1024 878 1110 immortales,
907 1027 940 1089 et
964 1025 1118 1109 quoniam
1140 1029 1322 1091 nascuntur

142 1114 178 1179 in
200 1118 301 1199 terra,
323 1117 500 1178 nascantur
522 1113 558 1177 in
581 1136 674 1198 aqua.
694 1150 737 1160 -
760 1113 806 1178 Et
825 1114 902 1199 quia
921 1118 999 1178 sunt
1017 1136 1099 1200 quae
1118 1113 1322 1199 interimant,

143 1203 211 1268 sint
238 1225 320 1287 quae
349 1206 550 1268 conservent.
573 1238 618 1249 —
646 1201 719 1268 Sint
743 1225 834 1287 sane,
862 1202 919 1267 sed
942 1224 980 1267 ea
1003 1208 1209 1289 conservent,
1237 1223 1369 1289 quaero

82 1303 133 1354 110
143 1296 233 1377 sunt,
266 1290 342 1356 deos
370 1291 453 1357 istos
477 1313 638 1356 essenon
661 1291 776 1357 sentio,
824 1290 939 1356 Omnis
962 1297 1075 1357 tamen
1096 1291 1163 1359 ista
1185 1292 1322 1358 deorum

143 1380 269 1467 effigies
289 1403 327 1446 ex
346 1380 521 1446 individuis
542 1403 606 1465 quo
621 1381 718 1446 modo
734 1380 925 1465 corporibus
940 1381 1068 1446 oritur?
1091 1404 1175 1467 quae
1189 1380 1323 1446 etiamsi

143 1473 265 1554 essent,
296 1492 378 1554 quae
407 1469 499 1534 nulla
529 1473 619 1555 sunt,
648 1470 769 1554 pellere
799 1492 834 1536 se
863 1469 936 1554 ipsa
963 1474 996 1535 et
1023 1469 1144 1556 agitari
1171 1470 1259 1536 inter
1287 1493 1323 1536 se

143 1581 302 1624 concursu
319 1557 460 1623 fortasse
479 1563 628 1644 possent,
647 1558 803 1644 formare,
821 1559 977 1645 figurare,
996 1558 1155 1646 colorare',
1174 1560 1324 1625 animare

141 1670 209 1713 non
238 1651 381 1731 possent.
427 1646 528 1712 Nullo
558 1648 662 1733 igitur
692 1649 789 1713 modo
816 1647 1036 1713 immortalem
1060 1648 1156 1713 deum
1179 1648 1322 1715 efficitis.
1341 1670 1368 1714 1⁶

79 1736 125 1805 40
142 1735 321 1801 Videamus
353 1758 441 1801 nunc
473 1736 511 1800 de
544 1737 652 1804 beato,
703 1735 780 1804 Sine
810 1736 933 1802 virtute
966 1741 1053 1804 certe
1084 1737 1175 1803 nullo
1208 1738 1322 1825 mod03

142 1825 246 1891 virtus
284 1828 394 1890 autem
431 1829 579 1911 actuosa,
616 1830 649 1890 et
686 1827 764 1891 deus
798 1829 906 1891 vester
936 1825 1021 1890 nihil
1053 1848 1167 1913 agens,
1205 1850 1322 1912 expers

82 1913 277 1979 111virtutis
300 1913 417 2000 igitur,
445 1913 493 1979 ita
514 1937 557 1980 ne
579 1914 695 1980 beatus
719 1915 859 2000 quidem.
902 1913 991 1990 Quae
1010 1937 1089 2002 ergo
1107 1915 1199 1981 vita?
1237 1914 1322 2000 Sup-

141 2002 315 2088 peditatio,
333 2003 457 2089 inquis,
476 2004 637 2069 bonorum
655 2004 746 2069 nullo
765 2004 926 2069 malorum
939 2004 1136 2071 interventu.
1173 2003 1322 2080 Quorum

179 2219 203 2268 1.
236 2229 294 2269 nau
325 2214 416 2269 iutelle
434 2231 484 2269 ere.
521 2213 632 2284 Wegen
656 2215 707 2269 der
797 2219 839 2268 11.
859 2215 970 2270 uuum
992 2215 1105 2286 effigies,
1129 2213 1175 2269 die
1199 2215 1323 2270 Hdschr.

142 2283 316 2353 Auslassung
339 2284 389 2338 des
411 2231 581 2340 dronomens
605 2303 626 2339 s.
641 2291 656 2352 5
672 2291 705 2342 72
759 2284 1322 2354 rerum,nelohesindiesemZusammen-

141 2373 164 2409 a.
179 2356 295 2410 audisse.
759 2354 852 2426 hange
871 2355 975 2411 keinen
990 2355 1060 2411 Sinn
1078 2356 1166 2427 giebt,
1185 2358 1323 2414 wahrend

179 2433 203 2482 3.
224 2442 277 2496 quc
295 2425 374 2481 modo
392 2431 518 2481 aetenae
537 2443 579 2480 sc.
594 2434 661 2483 suut
678 2453 705 2474 =
759 2427 866 2482 sowohl
893 2427 944 2482 dor
961 2427 1111 2482 Ausdruek
1135 2429 1249 2501 effigies,
1277 2431 1322 2486 als

142 2514 195 2569 quo
214 2498 291 2552 mado
310 2503 435 2551 aetuuus
452 2513 506 2553 esse
522 2499 631 2567 motas.
757 2499 832 2552 auch
850 2499 901 2553 das
924 2497 1058 2567 fulgenda
1077 2501 1202 2555 animare
1220 2501 1325 2556 darauf

179 2569 447 2638 aequilibritatem,
456 2566 704 2624 besserubersetzt
757 2568 928 2639 hinweisen,
968 2569 1026 2626 dau
1058 2569 1121 2624 hier
1152 2570 1232 2627 nicht
1264 2590 1322 2628 von

143 2638 241 2694 Cicero
254 2644 324 2705 §502
342 2640 509 2708 aequabilem
521 2641 704 2695 tmhutmuem.
757 2639 878 2710 Dingen,
897 2642 1018 2696 sondern
1035 2659 1089 2696 nur
1102 2658 1159 2697 von
1177 2642 1322 2700 Personen

181 2716 206 2765 6,
226 2711 355 2780 quoniam
374 2711 412 2764 sit
425 2711 478 2765 eto.
515 2709 586 2766 Eine
595 2710 703 2765 falsche
758 2710 804 2765 die
818 2712 896 2767 Reda
912 2713 973 2766 sein
986 2712 1070 2770 kann
1093 2712 1322 2770 DieVertnder·

142 2781 316 2851 Auffassung
340 2781 390 2836 der
413 2780 541 2851 ἰσονομία
566 2782 615 2836 des
638 2781 704 2852 Epi·
757 2781 878 2837 lichkeit
912 2784 971 2838 und
1007 2784 1232 2854 Beweglichkeit
1269 2787 1323 2842 dor

142 2852 209 2919 hur,
229 2851 279 2907 der
297 2852 437 2906 durchaus
460 2851 542 2907 nicht
566 2869 616 2906 aus
639 2853 705 2907 dem
757 2853 870 2923 Atame,
899 2871 949 2908 aus
968 2855 1061 2910 denen
1082 2854 1129 2910 die
1151 2856 1253 2912 Gotter
1269 2858 1320 2914 bs-

142 2922 377 2979 Vorhandensein
400 2925 450 2978 der
473 2923 554 2979 einen
577 2924 704 2994 Gattung
758 2924 857 2978 stehen
877 2925 975 2993 sellan,
1004 2925 1075 2980 wird
1096 2927 1138 2982 als
1161 2929 1325 2999 Argument

143 2996 194 3050 auf
210 2995 256 3050 die
274 2995 406 3050 Existenz
424 2994 499 3050 ihres
514 2994 703 3065 Gegensatzes
756 3012 849 3065 gagen
869 2995 914 3052 die
932 2995 1177 3053 Unsterblichksit
1201 3000 1321 3070 geltend

143 3066 277 3134 schliellt‚
303 3068 423 3121 sondern
445 3085 499 3120 nur
521 3066 701 3135 honstatiert,
756 3067 897 3137 gemacht.
933 3068 1027 3138 Vgl.§
1044 3075 1104 3125 114.

143 3138 199 3192 dass
222 3137 268 3191 die
297 3139 582 3208 entgegengesetzten
605 3139 701 3206 Arten,
792 3161 834 3212 17,
855 3163 976 3212 aauosu.
1013 3157 1087 3213 pm,
1112 3160 1182 3214 orat,
1205 3166 1253 3215 75,
1281 3168 1324 3218 a,

143 3208 579 3278 derenExistenzFeststehteine
589 3209 701 3278 gleiehe
755 3227 843 3298 ΨΜ
860 3230 902 3283 vig
920 3229 1032 3284 virtuti,
1050 3230 1165 3298 dupla,
1180 3237 1231 3287 w,
1245 3233 1323 3288 mim

142 3279 701 3336 AnzahlvonIndiuidueaumschliessen.
754 3299 871 3353 mentia
889 3301 1011 3354 mitur
1028 3302 1116 3356 virm
1134 3308 1185 3357 aa,
1202 3304 1312 3359 adm

142 3348 206 3402 Dall
217 3349 305 3402 durch
316 3349 407 3404 dieses
418 3348 519 3403 Gesetz
533 3350 641 3419 Epikur
655 3350 701 3406 die
754 3367 838 3439 mog,
852 3368 943 3425 Lam-q
958 3370 1010 3424 vll
1029 3377 1075 3425 92,
1095 3375 1252 3438 nmmo,
1266 3347 1322 3444 ,Q

142 3418 701 3487 EwigkeitderGotterwederbeweisen
756 3432 808 3495 οὖν
826 3438 878 3495 δύο
898 3442 984 3511 φησιν
1003 3414 1106 3512 ξρετάς
1137 3444 1324 3516 θεωρητικὴν

143 3490 248 3557 welhe,
266 3491 341 3544 noch
358 3490 472 3558 konnte‚
494 3490 567 3560 liegt
585 3491 636 3545 auf
651 3493 702 3547 der
755 3511 803 3565 ,ap
822 3510 988 3582 πρακτικήν,
1112 3485 1119 3511 ’

142 3561 234 3616 Hand.
270 3561 416 3616 Damnaeh
435 3561 499 3616 sind
522 3561 568 3616 die
591 3563 701 3633 folgen-

142 3635 198 3687 den
216 3631 359 3688 Einwr'irfe
377 3632 495 3703 niehtig.
533 3633 559 3687 S.
575 3640 644 3700 §5⁰-

178 3710 202 3760 8.
218 3707 274 3760 siut
292 3706 381 3774 aliqui
393 3705 559 3761 immortales
577 3704 703 3762 ‘mr'illten

791 3606 816 3655 et
834 3602 900 3656 deus
917 3608 1010 3670 vestu,
1023 3609 1049 3658 et
1062 3629 1088 3650 =
1101 3609 1132 3658 at
1144 3603 1173 3657 in
1189 3604 1240 3659 der
1253 3621 1321 3676 pro-

755 3671 860 3742 positio
903 3671 995 3727 minor
1035 3674 1085 3728 des
1121 3673 1320 3747 Syllogismus,

142 3772 226 3857 sein',
243 3775 407 3858 ⁸Konjunkt.
426 3778 536 3846 potent.
561 3776 616 3832 Die
634 3777 701 3833 Pro·
756 3742 863 3867 gfflche
894 3743 976 3869 einpin
1005 3744 1165 3827 (legemiz
1197 3746 1322 3833 eil-lfflhi'

141 3851 211 3902 tasio
229 3849 302 3917 lregt
319 3865 349 3900 m
367 3848 425 3902 Isto
443 3849 528 3903 neoda.
763 3886 769 3898 ·
792 3887 798 3898 ·
822 3831 938 3884 pr⁰p⁰⁸¹
963 3832 1086 3871 ⁰mm⁰¹
1098 3833 1193 3902 emm
1206 3826 1324 3904 mitum

178 3926 201 3975 9,
223 3919 310 3974 m—
326 3926 487 3974 mmm„
514 3906 590 3974 Uber
604 3918 703 3975 diesen
756 3892 844 3955 spitus
869 3903 901 3938 zu
928 3887 992 3940 dem
1012 3887 1106 3942 Satze:
1125 3889 1192 3944 Seue
1217 3896 1322 3947 aucte

141 4007 198 4127 pop
207 3989 300 4117 chilla
317 3989 399 4044 nieht
416 3991 621 4045 varstandenen
637 3990 702 4044 Satz
755 3957 832 4081 ζῇς
842 3958 1206 4096 'ggg‘ggfffffiffoffi
1215 3960 1321 4088 Ἓξ)

179 4140 220 4188 10.
238 4133 285 4188 sed
302 4149 334 4186 ea
353 4139 515 4188 causaverit.
544 4130 626 4186 Sinn:
640 4131 702 4187 Nur
756 4098 935 4168 ⁸lu⁰g¹⁸m¹¹⁸
953 4107 1042 4156 mm
1057 4133 1090 4142 ““
1105 4109 1200 4173 ΨΜ
1251 4134 1254 4139 ’

141 4203 287 4272 dasjenige
321 4203 360 4258 ist
393 4202 432 4257 im
460 4203 560 4257 stands
592 4221 626 4257 au
659 4221 701 4258 er·
793 4203 1248 4278 18.ue-quidem‘auchnicht',
1261 4209 1319 4266 wie

140 4273 245 4344 hulten,
255 4290 312 4327 was
320 4273 702 4342 withlichsxistiert3Gdtter
755 4275 798 4330 oft
828 4276 910 4332 nieht
941 4277 1094 4348 steigernd.
1138 4284 1154 4345 5
1182 4285 1248 4337 1132
1282 4298 1322 4338 ue

141 4345 224 4412 aber,
256 4344 309 4398 wia
341 4345 386 4398 ihr
418 4346 458 4400 sie
495 4346 567 4400 euch
604 4346 700 4415 denkt,
755 4348 846 4403 beatas
870 4350 986 4419 quidem.
1022 4351 1058 4419 ΙΙ,
1080 4356 1114 4406 87
1121 4372 1127 4406 :
1152 4368 1188 4406 ue
1212 4357 1322 4410 natura

135 4415 288 4471 eristieren
309 4415 470 4488 uberhaupt
486 4416 575 4472 nicht.
755 4419 872 4488 quidem.
908 4421 955 4491 Ill,
967 4427 1010 4477 21.
