2790 4800
417 241 485 298 LIB.
499 243 534 299 Π.
550 241 628 298 cAP.
644 249 756 299 oo—or.
776 248 955 308 §163-168.
1213 246 1276 311 185

95 405 243 492 impulit,
266 410 303 470 ut
326 405 530 491 principibus
548 406 695 491 heroum,
718 405 817 492 Ulixi,
841 405 1002 493 Diomedi,
1025 405 1276 493 Agamemnoni,

95 494 234 581 Achilli,
258 500 365 561 certos
385 496 461 561 deos
482 495 707 561 discriminum
726 499 759 560 et
776 496 996 580 periculorum
1016 496 1151 562 comites
1167 496 1277 561 adiun-

97 587 197 670 geret.
244 584 418 650 Praeterea
449 586 596 670 ipsorum
627 585 761 650 deorum
792 607 889 669 saepe
915 586 1133 671 praesentiae,
1164 585 1276 670 quales

97 696 197 759 supra
221 674 485 760 commemoravi,
509 674 675 739 declarant
698 674 739 738 ab
762 673 804 738 iis
824 679 857 738 et
876 673 1064 739 civitatibus
1084 680 1117 740 et
1136 674 1275 760 singulis

61 761 287 828 abominibus
316 763 455 848 consuli3
488 764 575 848 quod
603 763 733 848 quidem
761 763 966 848 intellegitur
990 764 1089 828 etiam
1113 763 1276 850 signifiea-

91 850 244 917 'tionibus
268 875 377 917 rerum
399 851 598 936 futurarum,
626 874 708 937 quae
732 856 803 917 tum
827 852 1078 938 dormientibus,
1102 856 1174 917 tum
1196 853 1277 938 vigi-

96 940 243 1005 lantibus
269 942 517 1026 portenduntur.
563 940 669 1006 Multa
690 945 860 1026 praeterea
884 942 1036 1027 ostentiS,
1064 943 1169 1007 multa
1192 941 1275 1006 extis

96 1029 311 1095 admonemur
342 1031 520 1116 multisque
552 1031 649 1095 rebus
683 1030 770 1114 aliis,
803 1053 884 1115 quas
918 1030 1089 1096 diuturnus
1122 1054 1200 1096 usus
1228 1031 1276 1095 ita

95 1119 239 1205 notavit,
276 1124 314 1184 ut
350 1123 455 1185 artem
492 1119 702 1184 divinationis
740 1119 892 1184 efficeret.
943 1118 1049 1185 Nemo
1087 1119 1190 1206 igitur
1226 1120 1277 1184 vir
1287 1128 1338 1178 167

50 1231 78 1270 rc
96 1229 238 1294 magnus
268 1208 338 1273 sine
368 1209 479 1294 aliquo
510 1209 633 1273 adflatu
663 1208 772 1273 divino
802 1230 958 1294 umquam
986 1208 1060 1274 fuit.
1106 1208 1176 1274 Nee
1199 1231 1275 1274 vero

96 1299 133 1362 id
153 1297 202 1362 ita
224 1297 436 1363 refellendum
460 1301 523 1382 est,
551 1301 601 1382 ut,
626 1297 654 1361 si
678 1297 845 1383 segetibus
869 1301 927 1362 aut
949 1297 1068 1362 vinetis
1093 1298 1276 1383 cuiuspiam

96 1389 278 1470 tempestas
300 1387 462 1472 nocuerit,
486 1390 544 1451 aut
572 1387 602 1451 si
630 1387 708 1472 quid
731 1409 748 1451 e
771 1387 857 1452 vitae
882 1387 1061 1452 commodis
1086 1409 1178 1452 casus
1203 1387 1275 1451 abs·

97 1475 226 1560 tulerit,
254 1497 342 1560 eum,
370 1476 421 1540 oui
450 1475 527 1561 quid
554 1475 673 1540 horum
696 1475 864 1561 acciderit,
888 1480 946 1541 aut
968 1476 1111 1541 invisum
1135 1477 1194 1541 deo
1219 1481 1276 1541 aut

96 1565 285 1650 neglectum
304 1588 323 1630 a
341 1563 401 1630 deo
415 1564 603 1630 iudicemus.
641 1564 764 1651 Magna
777 1565 810 1629 di
824 1570 954 1650 curant,
972 1588 1074 1650 parva
1087 1566 1276 1652 neglegunt.

51 1675 78 1716 1⁵
96 1651 228 1739 Magnis
261 1657 371 1718 autem
401 1653 481 1719 viris
514 1675 689 1738 prosperae
722 1676 849 1739 semper
877 1676 989 1720 omnes
1017 1678 1083 1740 res,
1115 1654 1276 1740 siquidem

97 1742 180 1807 satis
208 1765 227 1807 a
252 1743 376 1808 nostris
400 1747 433 1808 ct
457 1766 476 1807 a
497 1743 645 1828 principe
668 1742 896 1828 philosophiae
921 1742 1056 1809 Socrate
1079 1743 1203 1809 dictum
1226 1748 1276 1808 est

97 1830 138 1896 de
160 1831 367 1909 ubertatibus
391 1831 524 1898 virtutis
549 1837 582 1897 et
606 1831 717 1916 copiis.
1295 1863 1337 1929 67

186 1918 277 1986 Haec
307 1919 390 1985 inihi
416 1920 484 1986 fere
511 1922 547 1985 in
569 1926 714 1986 mentem
737 1921 925 2006 veniebant,
956 1945 1038 2007 quae
1062 1921 1198 1986 dicenda
1219 1944 1277 2005 pu·
1287 1955 1337 2005 168

96 2013 203 2074 tarem
233 2008 272 2074 de
301 2015 420 2075 natura
450 2011 593 2076 deorum.
639 2010 689 2074 Tu
718 2014 841 2095 autem,
872 2008 984 2097 Cotta,
1014 2011 1043 2076 si
1073 2033 1124 2076 me
1153 2010 1275 2095 audias,

134 2225 158 2275 3.
178 2221 289 2276 deornm
302 2236 381 2291 saepe
389 2222 570 2291 praesentiae.
591 2221 656 2291 Vgl.
711 2218 841 2275 τοιοῦτόν
872 2217 960 2289 ἔστιν,
990 2216 1059 2274 atro’
1091 2216 1151 2291 ἅμα
1180 2217 1276 2275 πάντα

96 2291 192 2358 11‚14=
220 2298 308 2347 terrae
326 2308 404 2361 saepe
421 2294 592 2361 fremitibus;
621 2293 657 2346 ad
713 2288 783 2361 ὁρᾶν
802 2291 852 2346 καὶ
864 2290 959 2347 πάντα
974 2288 1092 2347 ἀκούειν
1106 2293 1154 2346 καὶ
1168 2312 1275 2347 παντα-

96 2361 177 2417 Brut.
185 2362 206 2429 l,
217 2368 259 2432 15,
269 2378 307 2417 10:
326 2365 449 2418 intellexi
464 2381 497 2418 ea
510 2365 567 2419 tuis
580 2379 659 2434 saepe
712 2366 764 2490 pori
800 2371 936 2432 παρεῖναι
973 2363 1022 2418 καὶ
1061 2359 1124 2436 ἅμα
1159 2361 1276 2418 πάντων

98 2434 214 2502 litteris;
231 2434 266 2488 de
284 2451 314 2488 re
333 2435 411 2504 publ.
426 2434 473 2501 VI,
486 2437 660 2491 11.11:oenis
728 2439 921 2506 πιμελεῑσθαι.

93 2521 184 2574 Fame
201 2507 292 2572 mllfflt
310 2505 389 2560 Vm·
408 2506 446 2575 Π,
468 2508 660 2591 ,156³Publl00
752 2531 792 2580 15.
817 2525 932 2598 Mophis
959 2526 1041 2592 cirre,
1067 2523 1108 2578 im
1133 2523 1276 2578 stoischen

96 2581 196 2632 tedem-
234 2575 261 2631 S·
277 2577 297 2644 Ῑ,
308 2583 342 2633 49
357 2596 379 2632 Ζ·
394 2594 474 2647 dmm
492 2594 598 2648 ΜΡΝ·
715 2594 802 2651 Sinna
820 2623 847 2642 =
866 2598 1038 2666 sapientibus
1055 2597 1132 2652 viris.

134 2671 159 2720 4·
178 2681 279 2735 ΜΨ
297 2673 312 2734 ἕ
333 2672 357 2721 5·
745 2703 893 2755 prosperae
910 2702 1013 2754 semper
1029 2701 1119 2741 omnes
1136 2702 1186 2740 res.
1215 2672 1276 2738 Dc'n

135 2760 177 2810 10.
208 2756 268 2810 siae
301 2756 393 2825 aliquo
425 2757 532 2825 adflate
566 2756 660 2812 divino
714 2756 830 2811 Weisen
849 2757 927 2810 kann
939 2757 1013 2810 nach
1028 2757 1078 2810 der
1092 2755 1212 2810 Ansicht
1226 2757 1276 2809 der

95 2821 182 2880 ‘ohne
201 2825 340 2895 gottliahe
359 2821 546 2896 Inspiration'.
582 2827 661 2881 Zwar
716 2827 829 2882 Stoiker
854 2827 922 2882 hein
948 2826 1081 2896 Ungliiek
1106 2827 1214 2891 treffen,
1240 2827 1277 2880 da

79 2897 189 2965 „findet
211 2896 273 2952 eine
302 2898 398 2952 solche
426 2899 499 2952 auch
530 2897 579 2952 bei
611 2898 661 2953 der
716 2898 761 2954 die
781 2898 1017 2954 vollkommenste
1040 2897 1275 2967 Gllickseligkeit

99 2969 235 3024 divinatio
245 2970 317 3022 statt
330 2971 362 3038 (s.
378 2976 392 3034 ξ
409 2970 479 3038 163),
491 2970 559 3023 aber
573 2971 659 3024 trote·
715 2970 822 3024 welche
837 2969 890 3023 mit
905 2970 967 3023 dem
976 2969 1087 3022 Besitze
1103 2968 1277 3037 derTugend

99 3039 221 3094 demist
240 3039 290 3094 der
308 3039 339 3093 in
362 3039 470 3095 diesem
491 3040 573 3095 Satae
598 3058 660 3096 aus·
715 3040 881 3096 verbunden
895 3039 946 3107 ist,
962 3040 1052 3094 durch
1065 3039 1133 3094 kain
1140 3039 1213 3093 Ubel
1227 3040 1276 3093 be-

98 3111 293 3181 gesprochene
325 3110 460 3166 Gedanke
499 3111 581 3166 nieht
612 3128 660 3181 ge·
716 3111 902 3182 eintr'achtigt
924 3112 1037 3164 werden
1066 3110 1152 3166 kann.
1195 3109 1277 3164 Trifft

99 3183 214 3251 nugend
237 3181 326 3236 durch
350 3184 399 3237 das
422 3183 660 3252 Vorhergehende
716 3183 870 3238 desselben
889 3182 1039 3237 seheinbar
1063 3180 1110 3235 ain
1136 3181 1275 3250 Ungh'ick‚

98 3252 253 3322 motiviert,
265 3271 296 3308 so
307 3252 363 3307 dall
378 3255 428 3308 das
443 3255 531 3326 ipitar
539 3254 661 3308 behem·
716 3271 747 3308 so
765 3254 842 3308 kann
868 3254 959 3308 dieses
986 3272 1039 3307 nur
1067 3254 1137 3307 dazu
1165 3253 1275 3322 dienen,

99 3324 156 3380 den
174 3323 250 3380 mull.
269 3355 303 3365 -
321 3326 430 3395 Wegen
447 3327 505 3394 ferit
523 3343 574 3381 aa,
586 3326 605 3394 l,
619 3332 660 3380 72.
716 3324 793 3380 aeine
813 3325 960 3379 sittlichen
978 3325 1076 3379 Kaine
1099 3343 1133 3378 zu
1156 3325 1276 3391 strehlen,

138 3419 180 3467 11,
199 3414 238 3480 pp,
262 3413 319 3467 dap
341 3413 466 3477 nampjeh
490 3413 535 3468 dp,
559 3413 662 3469 (prpter
715 3396 796 3450 nicht
827 3397 897 3451 aber
936 3396 986 3451 ihn
1023 3396 1276 3467 niederzubeugen.

98 3483 146 3538 far
174 3483 221 3538 die
247 3482 409 3540 Menschem
426 3486 485 3555 und
509 3486 680 3541 besonders'
716 3466 780 3522 5⁶11·
796 3468 830 3521 (Ῑθ
845 3485 923 3538 Ρΐθν·
939 3485 999 3538 Gap·
1016 3475 1040 3523 2·

98 3555 145 3609 fr'ir
164 3555 210 3609 die
224 3554 339 3611 Weisen
353 3555 536 3611 unterihnen
550 3574 662 3626 sorgen.
751 3559 884 3627 alpaidem
915 3557 995 3611 fr'ihrt
1021 3556 1051 3611 in
1080 3557 1164 3610 Form
1201 3556 1277 3611 einer

98 3624 200 3681 Dieser
223 3626 357 3681 (ledankc
383 3627 478 3681 wlirde
505 3628 682 3683 deutlicher·
716 3627 887 3698 Bedingung
924 3628 969 3682 die
1002 3628 1194 3697 Begrdndung
1227 3628 1276 3681 des

98 3698 307 3766 hervortretcn,
332 3716 414 3759 wenn
439 3697 534 3753 Cicero
560 3701 663 3754 vorher
716 3700 968 3769 vorhergchenden
997 3699 1094 3753 Satzes
1120 3698 1174 3752 ein.
1218 3700 1275 3752 Ans

99 3769 147 3824 die
167 3769 263 3825 Worte
282 3771 354 3838 qaod
372 3772 481 3840 quidem
494 3772 663 3841 intellepr'twr
717 3772 773 3826 den
781 3773 989 3839 hrorterungen
1004 3770 1053 3823 des
1070 3770 1203 3823 Solinates
1218 3770 1277 3823 und

99 3870 134 3882 -
153 3841 210 3908 fait
232 3840 393 3910 gastrichen
415 3842 507 3910 hatte,
536 3858 591 3896 was
615 3860 664 3896 um
717 3842 767 3896 der
786 3842 899 3896 Stoiker
916 3845 986 3895 tiber
1004 3840 1051 3895 die
1070 3841 1190 3910 Tugend
1208 3842 1278 3910 geht

99 3929 131 3966 so
163 3911 243 3966 mehr
275 3912 435 3982 geschehen
465 3912 587 3982 konnte,
626 3914 664 3967 da
717 3913 888 3982 zurGentigc
896 3913 1005 3978 hervor,
1021 3910 1077 3965 dall
1088 3912 1144 3966 den
1153 3912 1276 3981 Weisen,

99 3981 248 4038 dieselben
283 3983 324 4037 im
355 3985 461 4039 hohen
482 3984 576 4039 Gnade
613 4003 662 4039 un·
718 3985 768 4039 der
788 3986 841 4038 mit
864 3983 956 4038 einem
979 3983 1096 4037 solehen
1118 3982 1278 4037 herrlichen

98 4053 164 4108 klar
182 4053 254 4111 sind.
717 4056 790 4111 Gute
801 4056 991 4125 ausgestattct
1003 4054 1049 4125 ist,
1064 4054 1132 4109 kein
1146 4054 1278 4124 Ungh'ick

137 4148 179 4198 14.
199 4144 307 4214 Mapnp
320 4145 351 4200 di
365 4152 472 4200 eareat.
491 4145 662 4216 Vgl.hlurip.
716 4127 817 4181 iffiffen
835 4126 920 4181 kann·

99 4213 133 4270 fr,
149 4220 201 4271 945
212 4214 310 4270 Binda
328 4212 469 4287 roivdpccv
480 4214 533 4286 peip
544 4213 664 4272 dinastus
752 4216 832 4286 Kap.
852 4216 898 4271 67.
918 4221 933 4281 ἓ
950 4221 1008 4271 168.
1046 4218 1182 4271 Schlul's¹

99 4283 180 4354 θεός,
198 4284 234 4340 τὰ
252 4284 339 4358 μικρὰ
362 4283 390 4341 δ’
412 4287 451 4350 εἰς
474 4286 561 4358 τύχην
586 4285 677 4352 ἀνεὶς,
749 4294 797 4352 Ι119.
815 4289 841 4342 si
858 4305 899 4342 me
917 4288 1017 4342 audias
1035 4287 1088 4341 wie
1106 4289 1133 4343 εν
1146 4304 1278 4342 meamea

101 4351 144 4432 ἒᾷ.
181 4356 225 4412 Da
247 4375 317 4428 egen
337 4358 406 4413 Xen.
430 4359 513 4414 Mem.
535 4360 555 4426 I,
573 4366 598 4429 4,
616 4366 661 4415 18:
716 4358 794 4415 baim
810 4358 962 4429 Imperativ
977 4359 1036 4413 und
1053 4358 1183 4428 imperat.
1203 4361 1277 4414 Kon-

99 4425 194 4501 pvdop
214 4375 246 4484 rh
268 4433 353 4485 θεῖον
381 4426 425 4485 ὅτι
450 4431 584 4487 τοσοῦτον
613 4430 663 4485 καὶ
714 4430 830 4501 junktiv
849 4431 888 4484 im
908 4429 992 4484 Sinne
1011 4447 1192 4499 vonprroesc.
