2790 4800
150 263 212 326 126
535 253 584 308 nn
604 252 759 308 NATURA
777 252 941 308 DEORUM.

148 444 211 507 que
234 419 455 505 prudentiam,
478 441 614 504 quarum
640 421 691 482 θεὴ
709 416 873 482 cotidiana
892 415 1087 482 conveniens
1107 419 1331 499 constansque

149 509 326 594 conversio,
346 531 405 573 neo
424 508 548 573 habent
567 505 730 572 aetherios
751 528 864 571 cursus
882 526 988 590 neque
1006 505 1095 570 caelo
1110 503 1330 588 inhaerentes,

148 604 185 664 ut
216 599 364 683 plerique
396 597 509 661 dicunt
540 595 695 681 physicae
727 594 866 660 rationis
893 593 1009 680 ignari.
1056 592 1134 658 Non
1161 597 1213 658 est
1239 592 1330 658 enim

148 688 290 753 aetheris
324 710 362 751 ea
392 690 525 771 natura,
556 689 594 750 ut
620 684 654 750 vi
682 707 740 750 sua
768 684 881 749 stellas
905 684 1074 768 complexa
1097 686 1330 768 contorqueat3

148 800 225 841 nam
257 775 365 841 tenuis
398 797 435 840 ac
466 775 637 859 perlucens
666 778 700 839 et
727 772 890 859 aequabili
918 773 1024 838 calore
1048 772 1190 837 suffusus
1214 770 1363 838 aethera

35 920 48 963 ,
96 881 129 930 oo
148 889 215 931 non
239 864 319 929 satis
344 868 440 948 aptus
464 864 505 928 ad
529 864 640 928 stellas
664 862 877 927 continendas
898 861 1037 927 videtur.
1072 860 1206 926 Habent
1223 859 1331 946 igitur

15 955 25 976 “
57 976 64 987 “
149 977 241 1019 suam
278 953 450 1037 sphaeram
484 953 597 1017 stellae
628 951 811 1016 inerrantes
844 951 886 1015 ab
919 949 1065 1015 aetheria
1098 948 1331 1015 coniunctione

149 1046 309 1108 secretam
342 1020 375 1106 et
406 1042 552 1106 liberam.
588 1040 722 1113 ,Earum
754 1044 865 1105 autem
896 1061 1054 1123 perennes
1086 1060 1198 1104 cursus
1228 1042 1331 1123 atque

148 1131 299 1216 perpetui
323 1152 396 1196 cum
420 1129 605 1195 admirabili
627 1128 875 1214 incredibilique
899 1127 1086 1193 constantia
1107 1128 1276 1194 declarant
1294 1126 1331 1191 in

148 1219 200 1285 his
224 1220 291 1285 vim
315 1224 349 1284 et
370 1224 514 1284 mentem
538 1241 609 1283 esse
632 1218 789 1303 divinam,
812 1221 863 1301 ut,
885 1216 966 1283 haec
989 1217 1062 1302 ipsa
1084 1216 1142 1302 qui
1163 1239 1232 1281 non
1255 1237 1329 1281 sen·
1348 1239 1376 1280 1o

149 1310 212 1375 tiat
235 1309 369 1374 deorum
392 1309 458 1374 vim
481 1307 616 1393 habere,
638 1308 667 1372 is
690 1307 774 1370 nihil
798 1305 929 1372 omnino
954 1329 1108 1371 sensurus
1132 1327 1203 1370 esse
1222 1305 1330 1371 videa·

96 1413 130 1463 oo
149 1403 212 1463 tur.
262 1396 364 1463 Nulla
394 1397 498 1484 igitur
530 1397 565 1461 in
598 1397 687 1461 caelo
718 1417 779 1461 nec
810 1395 944 1460 fortuna
975 1416 1036 1460 nec
1068 1393 1236 1460 temeritas
1267 1415 1329 1460 nec

150 1488 270 1552 erratio
293 1508 353 1552 nec
376 1487 504 1552 vanitas
528 1486 615 1551 inest
634 1489 811 1571 contraque
831 1483 937 1549 omnis
958 1484 1049 1569 ordo,
1072 1483 1210 1569 veritas,
1232 1483 1331 1568 ratio,

150 1576 349 1661 constantim
386 1570 533 1661 quaeque
564 1574 616 1639 his
648 1578 766 1639 vacant
799 1573 957 1638 ementita
989 1577 1022 1637 et
1053 1572 1138 1637 falsa
1166 1573 1330 1658 plenaque

150 1665 283 1749 erroris,
315 1687 354 1729 ea
381 1665 503 1729 circum
531 1669 635 1729 terras
663 1662 750 1727 infra
777 1663 903 1747 lunam,
935 1683 1018 1747 quae
1042 1661 1188 1727 omnium
1210 1662 1330 1727 ultima
1348 1683 1375 1726 rs

150 1757 214 1837 est,
250 1753 286 1816 in
322 1753 484 1838 terrisque
520 1757 701 1817 versantur.
757 1749 954 1817 Caelestium
991 1772 1069 1837 ergo
1103 1750 1330 1815 admirabilem

150 1841 297 1907 ordinem
326 1841 613 1927 incredibilemque
644 1841 878 1925 constantiam,
912 1862 952 1904 ex
981 1862 1046 1925 qua
1068 1838 1273 1906 conservatio
1297 1844 1332 1906 et

149 1931 237 1996 salus
265 1931 410 1996 omnium
439 1932 544 1996 omnis
569 1930 686 2016 oritur,
713 1929 771 2016 qui
792 1952 907 1995 vacare
936 1933 1045 1994 mente
1068 1932 1178 2014 putat,
1205 1928 1233 1994 is
1257 1929 1331 2015 ipse

95 2035 130 2086 5⁷
150 2021 269 2085 mentis
294 2043 408 2105 expers
431 2021 599 2085 habendus
621 2023 680 2084 θεὴ.
725 2018 823 2084 Haud
842 2041 934 2106 ergo,
957 2022 996 2083 ut
1015 2017 1145 2104 opinor,
1168 2040 1332 2105 erravero,

185 2237 209 2285 2.
229 2231 639 2286 mehobcctaetherioseursuo.
660 2229 711 2284 Die
762 2227 855 2298 ‘eitel‚
883 2230 975 2284 lauter
1012 2223 1167 2298 Ordnung'.
1216 2227 1330 2284 Ebenso

149 2301 348 2372 Bewogungen
367 2302 417 2356 der
435 2302 580 2356 Fixsterne
599 2302 712 2356 werden
766 2307 781 2367 5
801 2308 851 2357 58:
870 2303 959 2356 omnis
980 2307 1109 2368 ornatus,
1137 2299 1173 2353 ad
1191 2298 1259 2355 fam.
1281 2299 1329 2370 IV,

149 2371 230 2426 nicht
243 2372 464 2447 hervorgqrufen
479 2373 568 2426 durch
583 2373 710 2428 denUm-
766 2378 791 2442 4,
802 2389 830 2429 c:
850 2375 930 2428 euius
948 2389 994 2444 epo
1013 2389 1074 2427 cum
1096 2371 1172 2426 omui
1189 2372 1332 2440 probitate

150 2443 287 2513 schwung
302 2443 351 2498 des
367 2444 481 2511 Athers,
501 2443 564 2498 eine
580 2443 710 2513 Ansicht‚
765 2460 924 2514 summaque
946 2446 1060 2509 virtute,
1083 2449 1141 2498 tum
1163 2442 1267 2496 studiis
1284 2443 1330 2497 de-

150 2514 455 2584 welchellenophanes,
463 2516 651 2584 Anaxagoras,
659 2515 711 2570 Dc·
767 2517 854 2572 lector.
877 2515 928 2568 Die
937 2513 1091 2582 folgenden
1100 2513 1199 2566 Worte
1213 2513 1331 2567 vdrden

149 2586 528 2653 mokritvertraten.--ewc,
543 2586 711 2642 adversativ.
767 2586 828 2640 sich
865 2585 1040 2655 vollsttndig
1076 2583 1230 2640 cbiastisch
1268 2587 1329 2638 ent·

184 2673 270 2726 acque
287 2658 360 2712 caclo
374 2658 551 2713 inhaerentes.
578 2656 630 2712 Die
650 2657 711 2711 Fir·
766 2657 916 2728 sprechen,
941 2675 1023 2710 wenn
1046 2657 1112 2710 ordo
1140 2654 1218 2710 seiae
1239 2653 1331 2710 Stella

150 2729 243 2782 sterne
261 2727 323 2781 sind
339 2726 420 2782 nicht
436 2728 490 2781 wie
505 2728 596 2798 ngel
612 2727 642 2782 in
660 2729 711 2783 das
764 2729 838 2783 nach
856 2731 957 2784 ceritas
974 2728 1062 2783 hatte.
1093 2725 1145 2782 Die
1160 2727 1257 2782 horres
1280 2743 1328 2781 on-

148 2797 711 2870 Firmamenteingeschlagenundfolgen
765 2799 920 2854 dierenden
952 2798 1067 2854 Glieder
1103 2797 1220 2852 wdrden
1253 2744 1330 2852 daun

150 2870 711 2940 derBewegungdesletzteren,wieAna-
766 2870 826 2925 sein
834 2872 950 2938 fortuna
963 2901 995 2910 -
1007 2871 1173 2936 constantia,
1192 2872 1331 2925 teneritas

148 2941 273 2996 ximenes
282 2941 535 3012 undEmpedolrles
544 2942 710 3011 annahmen,
766 2944 891 3009 -ratio,
911 2943 1012 2996 erratio
1028 2973 1061 2982 -
1077 2942 1153 3009 ordo,
1166 2943 1280 2996 cacitas
1296 2971 1327 2980 α

149 3012 269 3066 sondern
286 3013 325 3066 sie
335 3013 429 3067 haben
438 3012 500 3067 ihre
511 3013 593 3081 signe
604 3013 711 3082 Sphare
764 3014 871 3068 ceritas

148 3085 207 3137 und
229 3084 291 3137 ihre
320 3085 513 3155 selbstdndige
538 3085 708 3154 Bewegung.
800 3088 842 3139 15.
861 3085 984 3139 omnium
1010 3100 1048 3138 sc.
1072 3084 1222 3138 stellarum.
1259 3081 1329 3136 Zum

149 3155 241 3208 Wenn
262 3172 291 3209 cs
310 3154 349 3208 im
368 3154 525 3225 Gegensatr
544 3174 576 3209 zu
595 3171 710 3210 unserer
764 3152 919 3209 chanlren
941 3155 997 3223 vgl.
1020 3154 1093 3208 der.
1113 3154 1269 3224 p.V1,1v:
1296 3155 1330 3208 ic

150 3226 325 3280 StelleTusc.
333 3227 364 3295 V,
375 3226 709 3282 echeiourideraoiuerir
763 3227 858 3294 infimo
885 3228 948 3282 orbe
975 3228 1044 3281 lano
1071 3226 1162 3280 radiis
1192 3227 1260 3281 solis
1282 3241 1328 3280 uc-

149 3298 363 3352 innumcrubiiia
379 3299 450 3352 coelo
462 3299 633 3352 inhumatis
646 3314 706 3353 cum
761 3313 842 3353 censa
862 3299 1035 3354 convertitur.
1062 3297 1149 3364 Infra
1162 3303 1254 3352 autem
1267 3311 1329 3351 curs

149 3369 708 3438 eiusipsiusmotuconprucrecertisiofioeo
761 3370 836 3424 nibil
864 3376 902 3425 est
926 3371 984 3424 cisi
1008 3369 1120 3424 snortalc
1145 3373 1170 3423 et
1193 3367 1329 3423 caducum

148 3439 316 3504 aediliciam
336 3439 456 3492 erlennt
482 3456 548 3493 man
576 3439 626 3492 das
654 3439 706 3494 Be·
757 3447 869 3510 praeter
912 3442 1018 3495 ociosos
1062 3455 1172 3495 munere
1215 3440 1330 3494 deorum

150 3511 263 3563 streben
282 3508 332 3562 des
346 3509 460 3575 Balbus,
480 3509 535 3564 den
544 3510 709 3565 Fixsternen
762 3512 901 3567 bominum
915 3511 1008 3584 peracri
1021 3513 1111 3578 datos,
1128 3511 1329 3579 caprulanum

149 3580 191 3634 als
210 3580 370 3650 gottlichen
386 3579 488 3634 Wesen
507 3581 567 3636 ihre
584 3581 709 3637 Frciheit
763 3588 958 3638 concauam
977 3584 1078 3638 omnio.

149 3671 183 3707 zu
201 3654 303 3707 retten.
742 3718 744 3722 ι
801 3660 844 3709 17.
860 3655 1026 3710 conservatio
1043 3685 1074 3693 -
1090 3653 1212 3707 manium
1226 3652 1328 3706 omnio.

185 3730 209 3779 5.
229 3725 369 3793 aequabili
386 3725 472 3781 colore
490 3725 626 3792 suffusus,
645 3724 707 3779 eina
762 3724 816 3779 Die
836 3724 1062 3795 gewohnlichere
1079 3723 1213 3790 Stellung
1229 3721 1329 3776 wurde

149 3794 420 3865 Gleichmdssiglcit,
436 3795 544 3850 welche
558 3796 647 3850 durch
662 3796 709 3850 die
763 3792 1328 3862 seinomnnomaiomcomercatio.suco.

149 3865 708 3936 BerdhrungmitderfcurigenSternen-
800 3875 841 3923 19.
871 3870 967 3941 meptis
994 3883 1089 3936 expers
1113 3866 1254 3921 habeadus
1279 3870 1328 3919 est.

149 3938 217 3992 welt
234 3941 344 4007 gestdrt
362 3938 474 3992 werden
494 3938 593 3992 wfirde.
763 3937 828 4008 Vgl.
844 3937 890 3993 die
909 3937 1064 4007 Aullerung
1086 3935 1246 3992 Friedricbs
1275 3935 1330 3989 dee

185 4016 208 4065 8.
220 4011 634 4065 curros-eum-coostaou'a.
643 4009 708 4080 Vgl.
764 4008 875 4064 Grollen
903 4010 933 4063 in
961 4011 1052 4063 cinam
1080 4007 1242 4077 Gesprtche
1272 4004 1330 4060 mit

148 4082 182 4150 ll,
193 4087 256 4135 144:
268 4083 499 4136 introitccsmultis
512 4097 573 4135 cum
584 4082 709 4149 flexibus,
765 4080 800 4134 de
810 4079 882 4148 cett,
893 4079 1043 4135 veranlailt
1050 4079 1138 4134 durch
1146 4077 1194 4133 die
1203 4076 1330 4132 namura

149 4153 200 4222 lll,
228 4159 274 4206 64:
301 4154 413 4206 animus
431 4169 493 4206 cum
516 4153 707 4223 inteliepeutia.
764 4151 856 4206 dieser
871 4151 971 4207 Stella:
992 4150 1048 4218 Oh,
1061 4167 1128 4204 mon
1142 4148 1212 4218 ami,
1229 4147 1254 4203 si
1269 4147 1327 4202 l‘on

150 4223 177 4277 S.
195 4227 219 4289 l,
234 4231 296 4278 302
322 4229 381 4280 sinc
400 4240 517 4292 corpore.
762 4221 886 4277 n’admet
903 4239 954 4292 pas
977 4240 1015 4276 un
1043 4224 1103 4276 etro
1126 4221 1333 4276 conservateur

186 4300 227 4348 13.
246 4301 405 4364 contraque,
424 4310 523 4364 wegen
541 4312 591 4364 que
606 4312 626 4351 s.
642 4295 662 4362 l,
675 4300 708 4349 '15
763 4294 798 4347 de
817 4297 863 4348 cet
880 4293 1006 4361 univers,
1025 4292 1047 4346 il
1066 4292 1128 4347 faut
1142 4290 1222 4347 avoir
1235 4288 1328 4362 perdu

148 4382 171 4418 n.
185 4367 272 4434 sitque
285 4383 370 4435 pora.
761 4365 789 4419 le
809 4382 872 4419 sens
892 4382 1034 4432 commun,
1052 4365 1117 4418 tant
1139 4363 1174 4418 de
1196 4362 1250 4417 fine
1276 4361 1326 4416 sd·

184 4438 272 4491 enanis
308 4438 387 4504 ordo,
424 4438 512 4520 omnis
556 4435 708 4504 qualitativ
762 4435 909 4504 mirables,
932 4437 996 4490 tant
1018 4436 1054 4490 de
1077 4450 1194 4506 movens
1217 4449 1291 4506 pour
1308 4450 1333 4502 y
