2790 4800
170 241 233 306 192
555 235 604 289 ΒΕ
623 234 778 289 NATURA
795 234 961 292 DEORUM.

169 401 209 466 ab
232 401 364 465 illorum
387 403 495 464 aetate
517 398 595 482 fuit,
619 400 764 483 sepultos
793 420 863 463 esse
892 399 971 464 dioit
999 386 1281 485 Lacedaemona(
1294 423 1359 467 eos·

168 495 205 555 tu
236 489 412 555 cantheriis
445 488 528 553 albis
560 488 659 552 nullis
691 487 859 553 calonibus
893 489 1024 554 obviam
1052 488 1189 554 Vatinio
1220 490 1347 556 venisse

168 579 336 644 existimas
360 583 393 643 et
416 577 589 642 victoriam
611 577 726 662 populi
749 574 891 642 Romani
913 577 1049 643 Vatinio
1073 578 1195 664 potius,
1219 577 1347 644 homini

167 668 304 754 rustieo,
328 690 427 752 quam
450 665 492 732 M.
513 664 644 751 Catoni,
669 666 725 751 qui
748 670 819 730 tum
843 671 913 731 erat
931 667 1093 752 princeps,
1116 668 1345 734 nuntiavisse?

167 756 257 843 Ergo
282 761 314 821 et
336 756 418 820 illud
440 756 475 819 in
507 755 610 840 siliee,
644 754 731 840 quod
762 753 858 819 hodie
891 760 1027 840 apparet
1059 757 1145 841 apud
1178 755 1372 844 Regillum

115 858 148 907 12
167 851 336 930 tamquam
354 844 531 930 vestigium
549 845 704 930 ungulae,
724 841 871 909 Castoris
891 844 966 930 equi
986 844 1089 910 eredis
1109 846 1203 910 esse?
1228 845 1346 912 Nonne

167 935 270 1001 mavis
286 934 368 998 illud
388 934 530 1018 eredere,
554 934 640 1019 quod
658 933 792 1017 probari
810 938 935 1017 potest,
954 934 1081 1000 animos
1101 935 1346 1018 praeclarorum

166 1023 349 1109 hominum,
382 1023 493 1108 quales
525 1023 584 1087 isti
615 1021 818 1107 Tyndaridae
854 1021 1000 1109 fuerunt,
1041 1024 1169 1088 divinos
1210 1046 1282 1089 esse
1315 1030 1346 1090 et

166 1117 330 1198 aeternna,
354 1135 452 1197 quam
476 1134 544 1197 eos,
568 1111 625 1196 qui
649 1111 749 1176 semel
772 1111 908 1176 cremati
930 1117 1053 1197 essent,
1082 1113 1232 1198 equitare
1257 1115 1346 1179 etin
1384 1146 1386 1151 ·

167 1201 235 1266 aoie
258 1223 405 1288 pugnare
427 1200 597 1286 potuisse?
621 1205 692 1285 aut,
716 1201 745 1265 si
767 1200 830 1266 hoo
849 1200 919 1264 fieri
938 1202 1086 1285 potuisse
1106 1201 1202 1286 dieis,
1228 1202 1342 1268 dooeas
1361 1222 1379 1262 a

115 1304 147 1352 13
168 1295 312 1375 oportet,
336 1313 400 1375 quo
424 1290 535 1375 modo,
558 1312 617 1354 nee
645 1289 783 1354 fabellas
811 1289 913 1354 aniles
941 1290 1099 1374 proferas.
1145 1290 1232 1355 Tum
1255 1291 1346 1358 Luoi-

166 1380 242 1445 lius:
266 1379 320 1444 An
333 1380 410 1465 tibi,
432 1379 556 1464 inquit,
573 1378 713 1443 fabellae
731 1379 904 1444 ridenth
928 1377 1046 1444 Nonne
1065 1381 1103 1445 ab
1117 1378 1158 1445 A.
1172 1378 1344 1447 Postumio

166 1470 279 1534 aedem
302 1466 432 1533 Castori
455 1473 488 1533 et
512 1467 639 1533 Polluei
670 1468 706 1532 in
737 1467 809 1533 foro
842 1467 1037 1553 dedicatam,
1069 1491 1178 1534 nonne
1213 1475 1345 1536 senatus

167 1558 353 1623 consultum
376 1557 414 1621 de
438 1556 574 1623 Vatinio
598 1557 710 1622 vides?
734 1555 822 1621 Nam
841 1557 880 1620 de
900 1555 1005 1643 Sagra
1024 1556 1226 1624 Graecorum
1246 1560 1344 1625 etiam

167 1652 217 1712 est
239 1647 372 1732 volgare
404 1646 627 1730 proverbium,
660 1646 729 1731 qui,
763 1668 844 1731 quae
877 1646 1068 1733 adfirmant,
1102 1647 1246 1713 certiora
1276 1671 1345 1714 esse
1361 1669 1381 1709 a

62 1752 80 1858 Ρ
166 1735 278 1800 dieunt
303 1758 401 1820 quam
423 1734 494 1820 illa,
518 1757 600 1820 quae
624 1727 710 1888 agad
735 1732 881 1820 Sagram.
931 1734 993 1800 His
1021 1736 1126 1822 igitur
1154 1738 1344 1804 auctoribus

165 1847 273 1888 nonne
296 1824 392 1888 debes
416 1824 562 1889 moveri?
592 1823 641 1888 tu
700 1821 811 1889 Cotta:
834 1823 1047 1910 Rumoribus,
1070 1825 1192 1911 inquit,
1218 1849 1345 1893 mecum

1355 666 1358 673 ι

1358 680 1361 687 ι

1352 738 1359 751 Ι

126 1934 306 2036 6pugnas,
328 1912 444 1999 Balbe,
468 1935 528 2001 ego
549 1917 658 1978 autem
681 1935 701 1978 a
723 1917 757 1977 te
779 1914 923 1978 rationes
947 1913 1088 1999 requiro.

339 2007 533 2088 sequuntur,
563 2025 645 2087 quae
677 2001 789 2067 futura
812 2007 897 2068 sunt.
944 2002 1098 2090 Effugere
1129 2004 1218 2069 enim
1248 2027 1343 2071 nemo

165 2093 199 2156 id
221 2096 345 2177 potest,
370 2092 457 2178 quod
478 2091 628 2156 futurum
656 2096 715 2157 est.
762 2089 866 2176 Saepe
894 2096 1004 2157 autem
1030 2115 1072 2157 ne
1102 2093 1183 2158 utile
1213 2095 1344 2179 quidem
1360 2115 1381 2154 a

166 2185 216 2246 est
239 2181 336 2266 seire,
364 2181 443 2267 quid
472 2181 621 2246 futurum
654 2181 710 2266 sa,
743 2181 900 2245 miserum
932 2185 983 2246 est
1015 2182 1102 2246 enim
1133 2182 1220 2247 nihil
1249 2185 1345 2268 profi·

166 2271 306 2334 aientem
330 2271 490 2355 anginae
512 2270 632 2334 habere
654 2291 696 2334 ne
720 2269 790 2355 spei
814 2270 945 2355 quidem
969 2275 1152 2336 extremum
1175 2276 1211 2336 et
1234 2276 1345 2338 tamen

166 2380 336 2424 commune
355 2359 525 2444 solacium,
543 2359 738 2443 praesertim
758 2381 831 2424 oum
846 2382 903 2425 vos
922 2359 1022 2425 iidem
1040 2360 1111 2426 fato
1134 2360 1208 2425 fieri
1227 2361 1344 2428 dicatis

114 2062 146 2112 14

201 2647 224 2696 1.
244 2656 271 2695 se
290 2641 361 2696 altos
379 2656 433 2694 esse
451 2640 529 2708 dicit,
547 2640 579 2695 Il.
595 2640 643 2709 111,
658 2646 724 2695 243:
780 2640 913 2696 stimmen
930 2637 1029 2710 kann',
1052 2640 1118 2696 weil
1143 2658 1172 2698 es
1202 2642 1267 2698 eine
1295 2660 1342 2726 ge·

164 2708 256 2838 ΞοὺςΛ
297 2707 364 2837 riga,
377 2707 652 2838 adrexev,staaal§rr,zr
675 2710 725 2838 αέα
778 2711 863 2838 {vigae
881 2711 1191 2769 Wahrseheinliohkeit
1214 2714 1261 2768 fur
1284 2714 1344 2769 arch

163 2802 427 2925 wideraldiniadiyim
464 2803 501 2837 αν
528 2803 550 2851 ι’
587 2804 608 2852 φ
638 2803 655 2855 ἠ
708 2804 725 2838 ν
800 2799 858 2910 alt.
878 2855 1041 2922 dedicatam,
1060 2855 1343 2924 eingeweihtwurde

199 2932 224 2981 2.
241 2927 388 2981 cantheriis
401 2921 523 2992 ‘Gaule'‚
539 2925 724 2994 veraohtlieh,
780 2926 908 2981 derselbe
927 2942 984 2980 von
1002 2926 1067 2979 dem
1087 2925 1180 2980 Sohne
1205 2927 1256 2982 des
1275 2927 1343 2982 Pos-

164 2997 217 3052 wie
236 2998 309 3051 auch
329 2997 379 3051 das
397 2996 531 3066 folgende
551 2999 666 3053 calones.
778 2997 883 3052 tumius
902 3003 955 3053 484
975 3015 998 3053 v.
1014 2995 1078 3053 Chr.
1092 2996 1152 3053 Liv.
1166 2997 1257 3067 Iura.

200 3077 224 3123 3.
239 3071 335 3139 petias
355 3099 389 3109 -
412 3085 495 3137 qaam
522 3068 622 3124 Oatoai
640 3064 726 3123 'statt
814 3069 1106 3136 senatusconsultum,
1127 3069 1234 3138 s.11,e.

164 3141 229 3196 dem
248 3135 339 3195 Gato’.
816 3146 857 3195 15.
881 3142 989 3211 aalaare
1033 3141 1194 3196 roaerbium.
1237 3140 1347 3195 Suidsr

169 3273 183 3285 ..
199 3218 223 3266 4.
236 3213 367 3280 princeps
383 3227 421 3265 so.
437 3217 557 3265 serratas.
591 3211 655 3280 Vgl.
678 3210 725 3266 die
779 3229 800 3269 s.
820 3230 846 3266 v.
866 3209 989 3281 ἀληθήςι
1016 3209 1200 3281 Αληθέστερα
1219 3212 1277 3266 τῶν
1296 3207 1344 3267 aa

162 3280 319 3350 Ausserung
333 3280 417 3335 (latos
431 3281 490 3336 Cat.
499 3281 565 3337 Mai.
575 3288 621 3337 18:
637 3282 676 3338 At
684 3299 723 3337 se·
778 3280 891 3358 Σάγρᾳ·
914 3284 1054 3352 παροιμία
1072 3279 1120 3337 aa
1142 3284 1199 3338 τῶν
1218 3278 1341 3354 ἀληθῶν

162 3356 254 3420 natat,
267 3370 336 3422 qaae
348 3354 405 3406 siat
420 3354 547 3422 uerenda,
556 3356 725 3424 praescribo,
778 3354 838 3425 μέν,
860 3351 893 3410 οὐ
915 3351 1125 3423 πιστευομένων
1148 3351 1190 3410 δέ.
1210 3385 1245 3396 -
1266 3342 1344 3411 Uber

164 3430 189 3480 et
206 3425 344 3493 quomodo.
779 3424 868 3495 Sagra
886 3443 907 3480 s.
922 3427 958 3494 Il,
969 3431 994 3479 6.

199 3503 224 3549 a.
252 3499 277 3549 et
303 3495 387 3562 tata,
416 3511 437 3548 s.
461 3495 487 3564 I,
508 3501 542 3550 83
575 3515 597 3550 z.
626 3503 650 3551 et
680 3499 725 3552 hia
814 3503 856 3552 19.
955 3503 1107 3565 sequantur
1138 3513 1210 3566 qaae
1240 3497 1342 3567 Mara

162 3567 309 3622 vocabatis.
777 3574 849 3623 sant.
886 3568 946 3623 Ver
969 3567 1067 3622 diesen
1085 3567 1204 3622 Worten
1226 3567 1268 3625 iet
1290 3568 1342 3624 der

197 3640 276 3694 hodie
300 3635 398 3692 ‘heute
425 3634 533 3692 nooh'.
572 3637 631 3695 Cat.
655 3638 721 3696 Mai.
776 3639 890 3708 Anfang
913 3655 970 3693 von
998 3636 1095 3693 Cottas
1122 3637 1340 3711 Widerlegang,

163 3716 210 3764 34:
229 3710 336 3765 Audire
353 3715 378 3763 te
397 3711 525 3778 arbitror,
544 3710 644 3778 Scipio,
662 3712 721 3766 hos-
777 3711 833 3764 dall
853 3710 903 3763 das
917 3708 1024 3764 Dasein
1043 3710 1095 3764 der
1107 3708 1210 3764 (latter
1223 3726 1276 3766 aue
1291 3711 1342 3765 der

157 3797 208 3852 pes
225 3787 291 3836 taar
315 3797 384 3850 qaae
407 3782 496 3849 faeiat
518 3783 611 3850 hodie,
634 3799 721 3837 aona-
776 3780 943 3836 Divination
956 3781 1098 3836 bewiesen
1112 3781 1340 3850 werdenkonne,

161 3855 241 3923 ytata
272 3868 361 3907 annos
396 3860 491 3920 aatas3
528 3871 556 3922 p.
586 3853 659 3910 Cael.
692 3860 720 3908 3:
777 3852 960 3920 ausgefallen.
997 3851 1051 3906 Das
1065 3851 1221 3908 Erhaltene
1238 3851 1280 3908 iet
1293 3852 1339 3908 ein

161 3925 323 3994 diaaitatem
341 3940 443 3993 semper
460 3926 492 3979 ia
507 3924 549 3978 M.
565 3924 655 3980 Caelio
673 3926 722 3980 ha·
777 3924 840 3979 Teil
871 3940 924 3978 von
956 3922 1054 3979 Cottas
1091 3922 1339 3994 Argumentation,

162 3996 247 4051 bitam
265 4012 319 4050 esse
332 4012 465 4051 ammam
478 3998 607 4067 hodieque
620 3997 723 4052 habat.
777 3995 834 4050 aaa
875 3994 921 4050 die
958 3993 1186 4064 Weissagungen
1225 3995 1340 4050 nutzlos

198 4074 223 4122 6.
241 4073 380 4136 tamquam
397 4068 553 4139 radiatam,
573 4086 594 4122 s.
614 4069 637 4136 1,
650 4075 684 4124 49
699 4087 721 4123 z.
778 4067 868 4136 seien,
896 4067 934 4121 da
966 4066 997 4134 ja
1032 4065 1106 4121 doeh
1138 4065 1189 4120 der
1220 4066 1340 4122 Meusoh

161 4140 242 4207 quasi
259 4154 365 4209 corpere.
776 4139 884 4194 aeiuem
903 4136 1066 4193 Sohieksale
1089 4135 1172 4191 nieht
1195 4138 1340 4208 entgehen

198 4217 222 4264 ἵ.
256 4211 328 4278 qaod
358 4211 476 4280 probari
506 4217 609 4280 pateat,
640 4210 721 4267 nicht
774 4210 876 4265 ktnne.
913 4209 973 4264 Vor
1009 4213 1162 4278 seammtar
1192 4207 1233 4263 iet
1264 4209 1340 4264 nach

157 4275 232 4334 ‘was
252 4280 391 4335 bewiesen
406 4281 519 4336 werden
533 4278 631 4350 kann'‚
656 4299 719 4337 son·
774 4281 885 4352 Mayors
908 4280 1086 4349 Vermutung
1109 4278 1156 4335 ein
1173 4278 1260 4335 Wort
1283 4280 1340 4336 wie

160 4350 289 4405 domim
308 4351 527 4409 akademisohen
550 4353 635 4409 Sinna
650 4350 720 4408 ‘was
773 4356 925 4410 meeeaario
943 4351 1128 4421 anagefallen

156 4438 224 4476 man
241 4423 341 4492 gelten
359 4424 465 4494 laisan,
494 4424 559 4479 dem
585 4440 652 4479 man
674 4443 720 4479 zu·
810 4432 852 4481 22.
872 4433 897 4482 et
914 4432 1015 4492 tamea
1034 4440 1055 4479 s.
1070 4440 1093 4478 z.
1108 4421 1196 4492 11,1e.
