2790 4800
420 242 486 296 Lm.
502 241 523 297 Ι.
538 239 614 297 chr.
630 247 658 309 ο,
674 246 698 296 r.
718 247 732 307 s
748 246 862 297 ra-rc.
1190 245 1230 309 31

54 428 250 493 progressus
282 405 426 471 habebat
448 404 642 491 in›Stoicis,
685 409 723 469 ut
755 425 829 468 cum
861 405 1094 470 excellentibus
1126 407 1162 470 in
1194 429 1231 472 eo

55 517 174 583 genere
199 494 332 560 Graecis
357 499 608 580 compararetur.
654 493 747 579 Tum,
770 497 808 558 ut
832 516 883 559 me
908 491 1006 559 Cotta
1028 495 1124 580 vidit,
1155 495 1230 560 Per-

56 589 254 670 opportune,
277 585 399 671 inquit,
417 585 523 670 venis,
543 584 648 649 oritur
667 584 754 648 enim
777 583 859 647 mihi
882 605 1002 670 magna
1021 584 1059 648 de
1083 607 1117 649 re
1136 585 1232 650 alter-

55 675 142 740 catio
167 696 240 739 cum
264 673 405 760 Velleio,
438 674 490 738 cui
517 695 577 758 pro
610 676 667 738 tuo
701 672 810 738 studio
842 695 910 737 non
942 678 992 738 est
1024 674 1166 739 alienum
1199 679 1270 784 te,

20 763 225 829 sintercsse.
270 761 380 847 Atque
412 762 494 827 mihi
527 784 656 847 quoque
688 762 813 847 videor,
843 761 990 847 inquam,
1020 764 1162 848 venisse,
1194 768 1231 828 ut

55 853 151 939 dicis,
185 856 376 937 opportune.
426 851 506 918 Tres
540 852 627 916 enim
659 852 760 916 trium
793 850 1038 936 disciplinarum
1068 852 1231 938 principes

56 942 265 1008 convenistis.
311 941 354 1006 M.
374 945 484 1006 autem
506 941 584 1006 Piso
615 941 644 1004 si
674 941 818 1026 adesset,
849 941 971 1006 nullius
994 941 1232 1027 philosophiae,

56 1053 169 1096 earum
202 1031 347 1116 quidem,
378 1053 460 1116 quae
492 1031 528 1094 in
559 1029 684 1096 honore
717 1034 807 1115 sunt,
839 1034 971 1096 vacaret
1002 1032 1102 1096 locus.
1149 1030 1232 1096 Tum

56 1117 169 1186 Cotta:
194 1118 238 1203 Si,
261 1120 382 1205 inquit,
405 1120 489 1185 liber
512 1119 670 1184 Antiochi
692 1119 813 1204 nostri,
844 1121 900 1205 qui
931 1120 972 1184 ab
1004 1141 1041 1185 eo
1064 1143 1168 1204 nuper
1192 1121 1232 1185 ad

10 1229 37 1269 ro
55 1208 144 1275 hunc
166 1209 307 1274 Balbum
330 1210 449 1275 missus
481 1213 544 1294 est,
576 1231 653 1274 vera
682 1209 843 1294 loquitur,
875 1209 959 1273 nihil
982 1213 1046 1294 est,
1070 1211 1157 1295 quod
1179 1210 1233 1275 Pi-

56 1321 184 1383 sonem,
206 1297 403 1363 familiarem
421 1303 528 1384 tuum,
547 1298 723 1384 desideres,
742 1297 909 1363 Antiocho
929 1298 1016 1362 enirn
1035 1296 1139 1363 Stoici
1159 1321 1233 1364 cum

56 1387 285 1472 Peripateticis
309 1410 344 1452 re
368 1388 537 1453 concinere
560 1388 725 1472 videntur,
747 1388 857 1474 verbis
880 1387 1076 1473 discrepare,
1105 1410 1169 1473 quo
1194 1388 1232 1453 de

55 1476 156 1562 libro,
184 1475 430 1562 Balbe,'ielim
454 1477 536 1542 scire
569 1477 647 1562 quid
679 1466 843 1541 sentias*
856 1476 996 1563 Egone?
1029 1477 1137 1561 inquit
1168 1477 1233 1543 ille.

56 1565 161 1631 Miror
182 1564 397 1653 Antiochum,
420 1566 588 1631 hominem
619 1566 655 1630 in
685 1566 801 1650 primis
834 1569 981 1651 acutum,
1012 1589 1080 1631 non
1111 1566 1233 1633 vidisse

10 1675 36 1717 rs
55 1655 216 1720 interesse
229 1656 408 1740 plurimum
426 1655 512 1720 inter
532 1653 675 1740 Stoicos,
698 1655 755 1740 qui
772 1653 912 1743 honesta
930 1678 950 1720 a
968 1656 1147 1742 commodis
1165 1678 1233 1721 non

54 1745 202 1829 nomine,
232 1745 288 1809 sed
319 1766 436 1831 genere
469 1748 541 1810 toto
572 1745 794 1831 diiungerent,
831 1748 864 1809 et
893 1743 1146 1830 Peripateticos,
1176 1745 1233 1830 qui

55 1832 197 1899 honesta
220 1833 468 1900 commiscerent
491 1856 566 1899 cum
589 1834 781 1919 commodis,
809 1837 847 1898 ut
869 1855 908 1898 ea
929 1833 1018 1899 inter
1044 1857 1079 1899 se
1109 1835 1234 1921 magni-

56 1923 171 1988 tudine
194 1928 228 1987 et
250 1924 344 2008 quasi
368 1923 539 2010 gradibus,
566 1945 634 1988 non
661 1944 778 2010 genere
807 1923 982 1988 differrent.
1027 1922 1118 1988 Haec
1146 1923 1233 1988 enim

57 2017 109 2078 est
144 2034 212 2078 non
243 2013 417 2078 verborum
448 2036 563 2098 parva,
609 2012 666 2078 sed
701 2034 810 2077 rerum
848 2034 1027 2098 permagna
1063 2013 1235 2078 dissensio.

1252 822 1287 870 16

94 2302 119 2351 1.
147 2296 181 2350 irc
202 2294 315 2362 Stoicis
338 2295 477 2350 Neutrum
499 2290 542 2349 ‘in
569 2294 619 2349 der
672 2293 778 2350 adAtt.
793 2293 1236 2365 VII‚12,c=DemctriiMc9netis

57 2365 202 2421 stoischen
220 2363 426 2436 Philosophie’.
459 2366 537 2423 Brut.
553 2372 617 2421 114:
673 2367 788 2434 librum,
812 2382 903 2434 quem
921 2367 1006 2422 odte
1025 2367 1132 2434 misit,
1155 2367 1234 2422 celim

52 2453 141 2508 prope
155 2438 294 2506 perfectus
310 2438 343 2492 irc
360 2438 467 2494 Stoicis.
672 2438 741 2493 miti
758 2438 859 2492 mittas.

93 2515 119 2564 7.
137 2509 179 2564 Μ,
194 2509 303 2579 Rspice
320 2509 386 2564 Piso
400 2508 618 2579 Calpurnianus,
710 2514 752 2564 13.
771 2507 888 2578 Eposo?
907 2525 944 2563 sc.
955 2509 1155 2578 quidsecticm.
1169 2507 1234 2562 Wir

56 2578 168 2635 Konsnl
192 2579 231 2634 im
256 2580 341 2634 Jahre
368 2586 414 2648 61,
439 2597 497 2634 war
524 2580 619 2636 frr'iher
673 2580 854 2649 gebrauchen
877 2579 1003 2636 dieselbe
1024 2579 1141 2650 Ellipse.
1164 2580 1231 2650 Vgl.

57 2650 111 2706 mit
128 2649 226 2707 Cicero
245 2651 423 2719 befreundet,
442 2651 619 2708 verfeindete
672 2651 720 2718 ΙΙΙ,
736 2657 762 2707 8.

58 2722 122 2777 sich
156 2723 224 2778 aber
260 2725 356 2793 spater
391 2723 444 2778 mit
480 2723 541 2777 ihm
576 2724 618 2778 in·
710 2729 751 2778 15.
771 2725 898 2778 iuteresse
907 2724 1069 2791 plurimum.
1088 2722 1169 2778 Nach
1183 2723 1234 2778 der

57 2793 137 2864 iolge
151 2793 242 2849 seinos
251 2794 542 2850 freundschaftlichen
549 2795 619 2850 Ver·
674 2794 817 2850 stoischen
835 2793 923 2848 Ethik
941 2793 979 2847 ist
993 2794 1040 2849 die
1050 2794 1168 2864 Tugend
1183 2794 1233 2850 das

57 2865 212 2921 haltnisses
231 2884 265 2920 zu
279 2865 403 2921 Clodius.
435 2866 472 2920 Er
491 2884 549 2921 war
562 2865 618 2921 An·
674 2865 783 2936 einzige
801 2864 949 2920 wirkliche
969 2865 1037 2932 our,
1058 2866 1108 2919 das
1123 2865 1232 2920 Unsitt-

57 2937 114 2992 han
136 2953 168 2991 er
186 2937 237 2992 de'r
249 2937 491 3008 peripatetischcn
506 2937 617 3006 Schule,
672 2937 748 2992 licha
776 2938 827 2991 das
856 2935 963 3006 einzige
987 2936 1134 2991 wirkliche
1152 2925 1234 2991 ilbel.

58 3009 101 3063 als
152 3010 271 3064 crtrcter
295 3009 444 3064 derselben
465 3009 568 3064 nimmt
590 3026 620 3064 er
674 3008 737 3062 Allo
764 3008 887 3063 anderen
912 3007 1016 3076 Dinge,
1050 3009 1104 3062 wie
1130 3007 1232 3075 Lebcn,

56 3079 89 3134 in
117 3077 229 3135 Ciceros
252 3079 359 3136 Schrift
384 3081 418 3137 dc
444 3082 548 3150 finibus
574 3097 620 3135 am
673 3078 857 3147 Gesundheit
878 3078 1034 3133 Schcnheit
1048 3079 1112 3133 sind
1126 3077 1232 3148 gleich-

58 3150 220 3222 Gesprtche
238 3152 298 3206 teil
674 3150 771 3221 giltig,
799 3146 947 3219 ἀδιάφορα
966 3151 1175 3218 (indifferentes,
1198 3150 1234 3204 de

94 3228 120 3278 8.
140 3239 209 3292 grece
236 3225 268 3278 ia
291 3224 392 3280 honore
423 3230 496 3280 suat.
541 3223 620 3277 Deru
673 3223 719 3278 fin.
735 3222 783 3290 111,
794 3225 851 3292 63);
878 3219 920 3276 sie
948 3220 1012 3276 sind
1041 3222 1135 3277 weder
1163 3223 1235 3277 bonu

57 3294 162 3418 gghort
180 3295 253 3349 auch
272 3294 317 3349 die
336 3310 439 3349 neuere
454 3294 619 3352 Akadernie.
673 3294 748 3348 noch
765 3295 841 3349 mala
859 3293 917 3346 und
930 3311 984 3347 nur
997 3293 1124 3348 insofern
1137 3295 1233 3348 unter-

96 3381 153 3420 enn
172 3363 270 3420 Cicero
294 3365 371 3422 diesc
399 3372 444 3432 §6
473 3366 536 3421 eine
564 3368 619 3422 dcc·
674 3365 822 3434 schieden,
841 3363 898 3418 dall
918 3363 959 3419 sie
978 3381 1015 3419 an
1032 3366 1091 3420 und
1110 3365 1154 3419 fr‘ir
1173 3364 1235 3418 sich

58 3436 166 3507 ciplinc
184 3437 289 3494 ᾱοεοτοο
307 3445 332 3494 et
349 3440 445 3494 relicta
466 3439 568 3506 nennt,
589 3454 619 3492 so
674 3437 1064 3492 entweder'wdnschenswert
1079 3435 1234 3491 odernicht
1330 3476 1348 3490 ‚,

57 3507 98 3563 ist
125 3507 177 3562 das
204 3507 272 3562 kein
296 3508 511 3580 Widerspruch,
545 3510 620 3564 denn
674 3505 1237 3579 wlinschenswertsind,scorpps'vcoder

57 3595 142 3634 wenn
156 3578 197 3634 sie
212 3580 286 3634 auch
295 3580 384 3635 durch
393 3580 550 3636 Antiochus
564 3597 621 3635 von
674 3576 913 3650 ἀποπροηγμένα,
937 3580 1077 3635 commoda
1100 3579 1168 3633 oder
1191 3580 1235 3633 in·

58 3649 151 3705 ihrem
169 3650 302 3706 frdheren
316 3653 449 3706 Anschen
465 3651 621 3722 eingebhllt
674 3651 821 3707 commoda.
862 3650 924 3706 Den
948 3649 1175 3721 Peripatetilrern
1197 3648 1237 3716 ist

58 3721 154 3792 hatte,
175 3737 207 3777 εο
226 3722 344 3792 gehdrte
363 3722 404 3778 sie
423 3723 497 3779 doch
521 3723 621 3778 immer
675 3723 725 3777 das
751 3722 871 3777 hochste
897 3722 954 3777 cur
983 3720 1030 3776 die
1055 3719 1235 3788 verntinftige

59 3810 94 3848 zu
113 3791 170 3848 den
188 3792 470 3864 hauptstchlichsten
485 3795 620 3852 Schulen:
675 3794 744 3848 oder
773 3792 962 3863 tugendhaftc
988 3791 1154 3862 Thatigkeit
1184 3791 1237 3846 der

59 3879 145 3934 caque
176 3865 215 3920 ad
242 3871 366 3922 codrum
394 3867 482 3939 eiecit
507 3873 621 3924 acorem
676 3865 770 3934 Seele,
788 3866 882 3934 ψυχῆς
901 3860 1030 3933 ἐνέργεια
1047 3859 1120 3917 κατὰ
1138 3859 1234 3933 λόγονς

59 3937 86 4006 (ὅ
102 3938 156 4006 ll).
676 3937 744 3991 aber
762 3936 854 3990 damit
871 3935 933 3990 sich
948 3935 1073 3990 dieselbe
1088 3935 1236 4003 ungestdrt

94 4013 121 4063 9.
139 4007 285 4076 Antiochi,
304 4026 326 4063 s.
340 4014 356 4075 ξ
371 4016 396 4065 6.
675 4007 782 4062 aunem
800 4007 907 4075 kdnne,
931 4006 995 4060 sind
1013 4006 1087 4061 noch
1098 4004 1165 4074 jane
1179 4020 1236 4059 von

96 4083 139 4136 1o.
159 4079 230 4135 liber
243 4109 278 4120 -
292 4081 392 4136 missas
409 4086 455 4136 est.
480 4079 567 4135 Acad.
586 4080 621 4149 Il,
676 4079 732 4135 den
755 4078 888 4134 Stoikern
913 4080 958 4132 fiir
980 4075 1164 4147 gleichgiltig
1186 4093 1235 4144 ge-

60 4156 103 4207 12:
109 4151 478 4222 monetamitlhntiochus),
485 4153 621 4222 quincon-
676 4151 811 4206 haltenen
824 4148 912 4204 Gliter
925 4146 1097 4218 notwendig‚
1114 4147 1168 4202 wie
1182 4147 1236 4202 Ge·

59 4222 622 4293 trcmmdoctoremffhilonemflc'trcm
677 4221 821 4290 cundheit,
840 4219 1002 4290 Reichtum,
1021 4221 1085 4276 edle
1100 4219 1237 4274 Ablrunlt

59 4295 142 4351 αιὀοο
155 4293 257 4362 ederet,
309 4294 436 4351 idocus
450 4296 622 4352 idemtitas.
714 4300 756 4350 18.
766 4294 944 4366 prodibac-
969 4287 1236 4362 enere‘quanriutiv

60 4363 156 4421 -We
178 4364 275 4421 ander
304 4365 624 4436 ekanntenBedeutuug
679 4310 969 4435 -qualitativ'3vgd
978 4363 1013 4419 de
1024 4366 1082 4435 opt.
1091 4380 1154 4434 gen·
1165 4363 1236 4418 orat.

59 4451 117 4493 von
136 4383 244 4495 ladrum
261 4438 300 4494 cd
312 4439 430 4509 aliquem
443 4438 549 4495 mium
566 4438 624 4508 vgl.
678 4443 708 4493 4:
728 4454 820 4494 coum
831 4436 862 4491 id
873 4437 905 4505 fit
916 4453 974 4494 οοο
984 4436 1130 4508 umacus
1137 4435 1237 4508 prada
