<?xml version="1.0" encoding="UTF-8"?>
<!DOCTYPE html PUBLIC "-//W3C//DTD XHTML 1.0 Transitional//EN"
    "http://www.w3.org/TR/xhtml1/DTD/xhtml1-transitional.dtd">
<html xmlns="http://www.w3.org/1999/xhtml" xml:lang="en" lang="en">
 <head>
  <title>
</title>
<meta http-equiv="Content-Type" content="text/html;charset=utf-8" />
  <meta name='ocr-system' content='tesseract 3.04.00' />
  <meta name='ocr-capabilities' content='ocr_page ocr_carea ocr_par ocr_line ocrx_word'/>
</head>
<body>
  <div class='ocr_page' id='page_1' title='image "./mtulliiciceroni38cicegoog_0247.png"; bbox 0 0 2790 4800; ppageno 0'>
   <div class='ocr_carea' id='block_1_1' title="bbox 66 243 1351 2447">
    <p class='ocr_par' dir='ltr' id='par_1_1' title="bbox 66 243 1351 2447">
     <span class='ocr_line' id='line_1_1' title="bbox 127 243 918 316; baseline 0.001 -17"><span class='ocrx_word' id='word_1_1' title='bbox 127 250 192 316; x_wconf 82' lang='lat'>236</span> <span class='ocrx_word' id='word_1_2' title='bbox 514 245 564 299; x_wconf 86' lang='lat' dir='ltr'>nu</span> <span class='ocrx_word' id='word_1_3' title='bbox 583 244 737 300; x_wconf 73' lang='lat' dir='ltr'>uarum</span> <span class='ocrx_word' id='word_1_4' title='bbox 755 243 918 300; x_wconf 85' lang='lat' dir='ltr'>ouoauu.</span> 
     </span>
     <span class='ocr_line' id='line_1_2' title="bbox 66 407 1301 511; baseline 0.001 -38"><span class='ocrx_word' id='word_1_5' title='bbox 66 408 359 511; x_wconf 73' lang='lat' dir='ltr'>371mproborum</span> <span class='ocrx_word' id='word_1_6' title='bbox 381 408 485 495; x_wconf 87' lang='lat' dir='ltr'>igitur</span> <span class='ocrx_word' id='word_1_7' title='bbox 506 407 743 493; x_wconf 90' lang='lat' dir='ltr'>prosperitates</span> <span class='ocrx_word' id='word_1_8' title='bbox 767 408 990 492; x_wconf 79' lang='lat' dir='ltr'>secundaeque</span> <span class='ocrx_word' id='word_1_9' title='bbox 1012 429 1064 472; x_wconf 93' lang='lat' dir='ltr'>res</span> <span class='ocrx_word' id='word_1_10' title='bbox 1092 407 1301 494; x_wconf 90' lang='lat' dir='ltr'>redarguunt,</span> 
     </span>
     <span class='ocr_line' id='line_1_3' title="bbox 75 496 1301 587; baseline 0 -25"><span class='ocrx_word' id='word_1_11' title='bbox 75 535 108 587; x_wconf 80' lang='lat'>89</span> <span class='ocrx_word' id='word_1_12' title='bbox 127 502 166 562; x_wconf 92' lang='lat' dir='ltr'>ut</span> <span class='ocrx_word' id='word_1_13' title='bbox 189 497 354 584; x_wconf 83' lang='lat' dir='ltr'>Diogenes</span> <span class='ocrx_word' id='word_1_14' title='bbox 378 498 520 582; x_wconf 88' lang='lat' dir='ltr'>dicebat,</span> <span class='ocrx_word' id='word_1_15' title='bbox 543 498 610 562; x_wconf 92' lang='lat' dir='ltr'>vim</span> <span class='ocrx_word' id='word_1_16' title='bbox 634 519 765 561; x_wconf 90' lang='lat' dir='ltr'>omnem</span> <span class='ocrx_word' id='word_1_17' title='bbox 787 497 922 562; x_wconf 90' lang='lat' dir='ltr'>deorum</span> <span class='ocrx_word' id='word_1_18' title='bbox 945 519 983 561; x_wconf 87' lang='lat' dir='ltr'>ao</span> <span class='ocrx_word' id='word_1_19' title='bbox 1006 500 1216 581; x_wconf 91' lang='lat' dir='ltr'>potestatem.</span> <span class='ocrx_word' id='word_1_20' title='bbox 1257 496 1301 562; x_wconf 85' lang='lat' dir='ltr'>At</span> 
     </span>
     <span class='ocr_line' id='line_1_4' title="bbox 126 584 1303 672; baseline -0.001 -21"><span class='ocrx_word' id='word_1_21' title='bbox 126 608 195 651; x_wconf 93' lang='lat' dir='ltr'>non</span> <span class='ocrx_word' id='word_1_22' title='bbox 216 609 396 672; x_wconf 91' lang='lat' dir='ltr'>numquam</span> <span class='ocrx_word' id='word_1_23' title='bbox 419 587 523 650; x_wconf 90' lang='lat' dir='ltr'>bonos</span> <span class='ocrx_word' id='word_1_24' title='bbox 547 585 653 650; x_wconf 87' lang='lat' dir='ltr'>exitus</span> <span class='ocrx_word' id='word_1_25' title='bbox 676 584 800 650; x_wconf 91' lang='lat' dir='ltr'>habent</span> <span class='ocrx_word' id='word_1_26' title='bbox 831 585 919 650; x_wconf 87' lang='lat' dir='ltr'>boni.</span> <span class='ocrx_word' id='word_1_27' title='bbox 965 585 1032 649; x_wconf 83' lang='lat' dir='ltr'>Eos</span> <span class='ocrx_word' id='word_1_28' title='bbox 1064 585 1197 670; x_wconf 90' lang='lat' dir='ltr'>quidem</span> <span class='ocrx_word' id='word_1_29' title='bbox 1226 587 1303 651; x_wconf 88' lang='lat' dir='ltr'>arri·</span> 
     </span>
     <span class='ocr_line' id='line_1_5' title="bbox 127 674 1302 759; baseline 0.001 -21"><span class='ocrx_word' id='word_1_30' title='bbox 127 675 236 759; x_wconf 91' lang='lat' dir='ltr'>pimus</span> <span class='ocrx_word' id='word_1_31' title='bbox 260 674 535 759; x_wconf 90' lang='lat' dir='ltr'>attribuimusque</span> <span class='ocrx_word' id='word_1_32' title='bbox 559 675 629 739; x_wconf 92' lang='lat' dir='ltr'>sine</span> <span class='ocrx_word' id='word_1_33' title='bbox 652 674 720 739; x_wconf 90' lang='lat' dir='ltr'>ulla</span> <span class='ocrx_word' id='word_1_34' title='bbox 742 675 869 739; x_wconf 90' lang='lat' dir='ltr'>ratione</span> <span class='ocrx_word' id='word_1_35' title='bbox 893 674 942 738; x_wconf 91' lang='lat' dir='ltr'>dis</span> <span class='ocrx_word' id='word_1_36' title='bbox 965 674 1220 740; x_wconf 70' lang='lat' dir='ltr'><strong>immortalibus.</strong></span> <span class='ocrx_word' id='word_1_37' title='bbox 1257 676 1302 739; x_wconf 87' lang='lat' dir='ltr'>At</span> 
     </span>
     <span class='ocr_line' id='line_1_6' title="bbox 127 759 1328 850; baseline -0.002 -22"><span class='ocrx_word' id='word_1_38' title='bbox 127 763 290 850; x_wconf 79' lang='lat' dir='ltr'>Diagoras</span> <span class='ocrx_word' id='word_1_39' title='bbox 315 786 388 829; x_wconf 89' lang='lat' dir='ltr'>cum</span> <span class='ocrx_word' id='word_1_40' title='bbox 408 762 656 828; x_wconf 68' lang='lat' dir='ltr'>Samothracam</span> <span class='ocrx_word' id='word_1_41' title='bbox 678 763 835 848; x_wconf 87' lang='lat' dir='ltr'>venisset,</span> <span class='ocrx_word' id='word_1_42' title='bbox 863 759 967 838; x_wconf 77' lang='grc' dir='ltr'><strong><em>ἄθεος</em></strong></span> <span class='ocrx_word' id='word_1_43' title='bbox 998 763 1054 827; x_wconf 90' lang='lat' dir='ltr'>ille</span> <span class='ocrx_word' id='word_1_44' title='bbox 1085 763 1141 849; x_wconf 93' lang='lat' dir='ltr'>qui</span> <span class='ocrx_word' id='word_1_45' title='bbox 1174 763 1328 848; x_wconf 80' lang='lat' dir='ltr'>dicitur,a</span> 
     </span>
     <span class='ocr_line' id='line_1_7' title="bbox 128 851 1304 938; baseline 0 -21"><span class='ocrx_word' id='word_1_46' title='bbox 128 857 227 938; x_wconf 91' lang='lat' dir='ltr'>atque</span> <span class='ocrx_word' id='word_1_47' title='bbox 251 853 280 917; x_wconf 93' lang='lat' dir='ltr'>ei</span> <span class='ocrx_word' id='word_1_48' title='bbox 304 853 436 937; x_wconf 89' lang='lat' dir='ltr'>quidam</span> <span class='ocrx_word' id='word_1_49' title='bbox 455 852 577 917; x_wconf 88' lang='lat' dir='ltr'>amicus</span> <span class='ocrx_word' id='word_1_50' title='bbox 597 851 684 937; x_wconf 83' lang='lat' dir='ltr'>‘Tu,</span> <span class='ocrx_word' id='word_1_51' title='bbox 708 853 773 937; x_wconf 94' lang='lat' dir='ltr'>qui</span> <span class='ocrx_word' id='word_1_52' title='bbox 796 853 885 916; x_wconf 92' lang='lat' dir='ltr'>deos</span> <span class='ocrx_word' id='word_1_53' title='bbox 908 856 1022 937; x_wconf 90' lang='lat' dir='ltr'>putas</span> <span class='ocrx_word' id='word_1_54' title='bbox 1050 851 1217 917; x_wconf 91' lang='lat' dir='ltr'>humana</span> <span class='ocrx_word' id='word_1_55' title='bbox 1243 875 1304 917; x_wconf 92' lang='lat' dir='ltr'>ne·</span> 
     </span>
     <span class='ocr_line' id='line_1_8' title="bbox 129 940 1302 1028; baseline 0.001 -23"><span class='ocrx_word' id='word_1_56' title='bbox 129 941 300 1028; x_wconf 88' lang='lat' dir='ltr'>glegere,</span> <span class='ocrx_word' id='word_1_57' title='bbox 336 963 464 1006; x_wconf 90' lang='lat' dir='ltr'>nonne</span> <span class='ocrx_word' id='word_1_58' title='bbox 497 941 774 1005; x_wconf 79' lang='lat' dir='ltr'>animadvertis</span> <span class='ocrx_word' id='word_1_59' title='bbox 807 963 852 1005; x_wconf 85' lang='lat' dir='ltr'>ex</span> <span class='ocrx_word' id='word_1_60' title='bbox 883 945 944 1006; x_wconf 90' lang='lat' dir='ltr'>tot</span> <span class='ocrx_word' id='word_1_61' title='bbox 980 940 1129 1005; x_wconf 90' lang='lat' dir='ltr'>tabulis</span> <span class='ocrx_word' id='word_1_62' title='bbox 1166 941 1302 1026; x_wconf 89' lang='lat' dir='ltr'>pictis,</span> 
     </span>
     <span class='ocr_line' id='line_1_9' title="bbox 129 1028 1305 1116; baseline 0.001 -22"><span class='ocrx_word' id='word_1_63' title='bbox 129 1052 241 1115; x_wconf 90' lang='lat' dir='ltr'>quam</span> <span class='ocrx_word' id='word_1_64' title='bbox 264 1030 379 1094; x_wconf 90' lang='lat' dir='ltr'>multi</span> <span class='ocrx_word' id='word_1_65' title='bbox 401 1029 506 1095; x_wconf 90' lang='lat' dir='ltr'>votis</span> <span class='ocrx_word' id='word_1_66' title='bbox 529 1030 606 1094; x_wconf 89' lang='lat' dir='ltr'>vim</span> <span class='ocrx_word' id='word_1_67' title='bbox 629 1030 882 1114; x_wconf 90' lang='lat' dir='ltr'>tempestatis</span> <span class='ocrx_word' id='word_1_68' title='bbox 911 1028 1133 1116; x_wconf 79' lang='lat' dir='ltr'>effugerint</span> <span class='ocrx_word' id='word_1_69' title='bbox 1155 1029 1196 1094; x_wconf 92' lang='lat' dir='ltr'>in</span> <span class='ocrx_word' id='word_1_70' title='bbox 1217 1052 1305 1115; x_wconf 89' lang='lat' dir='ltr'>por·</span> 
     </span>
     <span class='ocr_line' id='line_1_10' title="bbox 129 1112 1304 1204; baseline -0.001 -21"><span class='ocrx_word' id='word_1_71' title='bbox 129 1123 286 1204; x_wconf 90' lang='lat' dir='ltr'>tumque</span> <span class='ocrx_word' id='word_1_72' title='bbox 309 1119 409 1184; x_wconf 88' lang='lat' dir='ltr'>salvi</span> <span class='ocrx_word' id='word_1_73' title='bbox 431 1116 728 1203; x_wconf 71' lang='lat' dir='ltr'>pervenerintf&#39;,</span> <span class='ocrx_word' id='word_1_74' title='bbox 748 1113 828 1183; x_wconf 83' lang='lat' dir='ltr'>‘Ita</span> <span class='ocrx_word' id='word_1_75' title='bbox 849 1112 923 1202; x_wconf 89' lang='lat' dir='ltr'>fit’,</span> <span class='ocrx_word' id='word_1_76' title='bbox 951 1117 1073 1203; x_wconf 79' lang='lat' dir='ltr'>inquit3</span> <span class='ocrx_word' id='word_1_77' title='bbox 1097 1114 1179 1182; x_wconf 82' lang='lat' dir='ltr'>‘illi</span> <span class='ocrx_word' id='word_1_78' title='bbox 1204 1119 1304 1183; x_wconf 92' lang='lat' dir='ltr'>enim</span> 
     </span>
     <span class='ocr_line' id='line_1_11' title="bbox 128 1206 1344 1293; baseline -0.002 -22"><span class='ocrx_word' id='word_1_79' title='bbox 128 1229 319 1292; x_wconf 90' lang='lat' dir='ltr'>nusquam</span> <span class='ocrx_word' id='word_1_80' title='bbox 342 1207 442 1292; x_wconf 88' lang='lat' dir='ltr'>picti</span> <span class='ocrx_word' id='word_1_81' title='bbox 465 1211 569 1291; x_wconf 92' lang='lat' dir='ltr'>sunt,</span> <span class='ocrx_word' id='word_1_82' title='bbox 592 1207 658 1292; x_wconf 95' lang='lat' dir='ltr'>qui</span> <span class='ocrx_word' id='word_1_83' title='bbox 680 1207 890 1293; x_wconf 86' lang='lat' dir='ltr'>naufragia</span> <span class='ocrx_word' id='word_1_84' title='bbox 919 1206 1099 1272; x_wconf 88' lang='lat' dir='ltr'>fecerunt</span> <span class='ocrx_word' id='word_1_85' title='bbox 1127 1207 1167 1271; x_wconf 92' lang='lat' dir='ltr'>in</span> <span class='ocrx_word' id='word_1_86' title='bbox 1190 1208 1306 1271; x_wconf 92' lang='lat' dir='ltr'>mari·</span> <span class='ocrx_word' id='word_1_87' title='bbox 1322 1228 1344 1268; x_wconf 85' lang='grc' dir='ltr'>ιι</span> 
     </span>
     <span class='ocr_line' id='line_1_12' title="bbox 130 1295 1335 1382; baseline 0 -22"><span class='ocrx_word' id='word_1_88' title='bbox 130 1318 201 1381; x_wconf 90' lang='lat' dir='ltr'>que</span> <span class='ocrx_word' id='word_1_89' title='bbox 223 1295 443 1380; x_wconf 70' lang='lat' dir='ltr'>perierunt?</span> <span class='ocrx_word' id='word_1_90' title='bbox 486 1295 650 1379; x_wconf 85' lang='lat' dir='ltr'>Idemque,</span> <span class='ocrx_word' id='word_1_91' title='bbox 675 1317 748 1360; x_wconf 87' lang='lat' dir='ltr'>oum</span> <span class='ocrx_word' id='word_1_92' title='bbox 767 1296 797 1360; x_wconf 93' lang='lat' dir='ltr'>ei</span> <span class='ocrx_word' id='word_1_93' title='bbox 814 1295 986 1382; x_wconf 78' lang='lat' dir='ltr'>naviganti</span> <span class='ocrx_word' id='word_1_94' title='bbox 1003 1300 1150 1360; x_wconf 89' lang='lat' dir='ltr'>vectores</span> <span class='ocrx_word' id='word_1_95' title='bbox 1169 1295 1306 1361; x_wconf 86' lang='lat' dir='ltr'>adversa</span> <span class='ocrx_word' id='word_1_96' title='bbox 1333 1348 1335 1353; x_wconf 94' lang='lat'><em>.</em></span> 
     </span>
     <span class='ocr_line' id='line_1_13' title="bbox 129 1384 1306 1470; baseline 0.001 -22"><span class='ocrx_word' id='word_1_97' title='bbox 129 1389 326 1470; x_wconf 88' lang='lat' dir='ltr'>tempestate</span> <span class='ocrx_word' id='word_1_98' title='bbox 349 1385 458 1449; x_wconf 91' lang='lat' dir='ltr'>timidi</span> <span class='ocrx_word' id='word_1_99' title='bbox 481 1389 514 1449; x_wconf 92' lang='lat' dir='ltr'>et</span> <span class='ocrx_word' id='word_1_100' title='bbox 536 1384 705 1469; x_wconf 71' lang='lat' dir='ltr'>perterriti</span> <span class='ocrx_word' id='word_1_101' title='bbox 728 1384 873 1449; x_wconf 84' lang='lat' dir='ltr'>dicerent</span> <span class='ocrx_word' id='word_1_102' title='bbox 894 1407 962 1449; x_wconf 93' lang='lat' dir='ltr'>non</span> <span class='ocrx_word' id='word_1_103' title='bbox 984 1384 1105 1449; x_wconf 88' lang='lat' dir='ltr'>iniuria</span> <span class='ocrx_word' id='word_1_104' title='bbox 1132 1384 1197 1448; x_wconf 91' lang='lat' dir='ltr'>sibi</span> <span class='ocrx_word' id='word_1_105' title='bbox 1224 1385 1306 1449; x_wconf 92' lang='lat' dir='ltr'>illud</span> 
     </span>
     <span class='ocr_line' id='line_1_14' title="bbox 130 1473 1305 1558; baseline -0.001 -20"><span class='ocrx_word' id='word_1_106' title='bbox 130 1473 287 1558; x_wconf 89' lang='lat' dir='ltr'>accidere,</span> <span class='ocrx_word' id='word_1_107' title='bbox 312 1474 368 1558; x_wconf 93' lang='lat' dir='ltr'>qui</span> <span class='ocrx_word' id='word_1_108' title='bbox 390 1474 484 1537; x_wconf 88' lang='lat' dir='ltr'>illum</span> <span class='ocrx_word' id='word_1_109' title='bbox 506 1473 542 1537; x_wconf 92' lang='lat' dir='ltr'>in</span> <span class='ocrx_word' id='word_1_110' title='bbox 565 1474 700 1538; x_wconf 91' lang='lat' dir='ltr'>eandem</span> <span class='ocrx_word' id='word_1_111' title='bbox 721 1496 838 1538; x_wconf 90' lang='lat' dir='ltr'>navem</span> <span class='ocrx_word' id='word_1_112' title='bbox 856 1473 1069 1558; x_wconf 86' lang='lat' dir='ltr'>recepissent,</span> <span class='ocrx_word' id='word_1_113' title='bbox 1093 1473 1241 1538; x_wconf 90' lang='lat' dir='ltr'>ostendit</span> <span class='ocrx_word' id='word_1_114' title='bbox 1260 1473 1305 1548; x_wconf 85' lang='lat' dir='ltr'>eis</span> 
     </span>
     <span class='ocr_line' id='line_1_15' title="bbox 129 1561 1306 1647; baseline 0 -21"><span class='ocrx_word' id='word_1_115' title='bbox 129 1562 165 1626; x_wconf 93' lang='lat' dir='ltr'>in</span> <span class='ocrx_word' id='word_1_116' title='bbox 193 1562 306 1627; x_wconf 91' lang='lat' dir='ltr'>eodem</span> <span class='ocrx_word' id='word_1_117' title='bbox 338 1584 435 1626; x_wconf 90' lang='lat' dir='ltr'>cursu</span> <span class='ocrx_word' id='word_1_118' title='bbox 466 1561 587 1626; x_wconf 85' lang='lat' dir='ltr'>multas</span> <span class='ocrx_word' id='word_1_119' title='bbox 618 1562 698 1626; x_wconf 85' lang='lat' dir='ltr'>alias</span> <span class='ocrx_word' id='word_1_120' title='bbox 731 1562 918 1627; x_wconf 89' lang='lat' dir='ltr'>laborantes</span> <span class='ocrx_word' id='word_1_121' title='bbox 951 1561 1190 1647; x_wconf 89' lang='lat' dir='ltr'>quaesivitque,</span> <span class='ocrx_word' id='word_1_122' title='bbox 1226 1585 1306 1626; x_wconf 91' lang='lat' dir='ltr'>num</span> 
     </span>
     <span class='ocr_line' id='line_1_16' title="bbox 131 1648 1348 1736; baseline 0 -22"><span class='ocrx_word' id='word_1_123' title='bbox 131 1651 231 1715; x_wconf 91' lang='lat' dir='ltr'>etiam</span> <span class='ocrx_word' id='word_1_124' title='bbox 253 1651 289 1714; x_wconf 87' lang='lat' dir='ltr'>in</span> <span class='ocrx_word' id='word_1_125' title='bbox 311 1651 352 1715; x_wconf 91' lang='lat' dir='ltr'>iis</span> <span class='ocrx_word' id='word_1_126' title='bbox 375 1651 513 1716; x_wconf 89' lang='lat' dir='ltr'>navibus</span> <span class='ocrx_word' id='word_1_127' title='bbox 538 1650 716 1736; x_wconf 89' lang='lat' dir='ltr'>Diagoram</span> <span class='ocrx_word' id='word_1_128' title='bbox 739 1651 815 1716; x_wconf 91' lang='lat' dir='ltr'>vehi</span> <span class='ocrx_word' id='word_1_129' title='bbox 838 1651 1013 1716; x_wconf 89' lang='lat' dir='ltr'>crederent.</span> <span class='ocrx_word' id='word_1_130' title='bbox 1061 1648 1115 1716; x_wconf 79' lang='lat' dir='ltr'>Sic</span> <span class='ocrx_word' id='word_1_131' title='bbox 1142 1650 1232 1715; x_wconf 89' lang='lat' dir='ltr'>enim</span> <span class='ocrx_word' id='word_1_132' title='bbox 1254 1673 1306 1716; x_wconf 89' lang='lat' dir='ltr'>res</span> <span class='ocrx_word' id='word_1_133' title='bbox 1325 1670 1348 1714; x_wconf 80' lang='grc' dir='ltr'>ιι</span> 
     </span>
     <span class='ocr_line' id='line_1_17' title="bbox 84 1738 1306 1826; baseline 0 -22"><span class='ocrx_word' id='word_1_134' title='bbox 84 1764 87 1771; x_wconf 96' lang='grc'><strong><em>·</em></strong></span> <span class='ocrx_word' id='word_1_135' title='bbox 131 1761 165 1804; x_wconf 91' lang='lat' dir='ltr'>se</span> <span class='ocrx_word' id='word_1_136' title='bbox 188 1738 301 1824; x_wconf 87' lang='lat' dir='ltr'>habet,</span> <span class='ocrx_word' id='word_1_137' title='bbox 324 1744 362 1803; x_wconf 92' lang='lat' dir='ltr'>ut</span> <span class='ocrx_word' id='word_1_138' title='bbox 384 1739 425 1803; x_wconf 91' lang='lat' dir='ltr'>ad</span> <span class='ocrx_word' id='word_1_139' title='bbox 447 1761 638 1824; x_wconf 88' lang='lat' dir='ltr'>prosperam</span> <span class='ocrx_word' id='word_1_140' title='bbox 671 1740 879 1805; x_wconf 81' lang='lat' dir='ltr'>adversamve</span> <span class='ocrx_word' id='word_1_141' title='bbox 909 1739 1092 1826; x_wconf 85' lang='lat' dir='ltr'>fortunam,</span> <span class='ocrx_word' id='word_1_142' title='bbox 1123 1739 1231 1825; x_wconf 90' lang='lat' dir='ltr'>qualis</span> <span class='ocrx_word' id='word_1_143' title='bbox 1261 1740 1306 1804; x_wconf 91' lang='lat' dir='ltr'>sis</span> 
     </span>
     <span class='ocr_line' id='line_1_18' title="bbox 78 1827 1307 1914; baseline 0.005 -27"><span class='ocrx_word' id='word_1_144' title='bbox 78 1831 188 1891; x_wconf 77' lang='lat' dir='ltr'>soaut</span> <span class='ocrx_word' id='word_1_145' title='bbox 212 1828 527 1912; x_wconf 90' lang='lat' dir='ltr'>quemadmodum</span> <span class='ocrx_word' id='word_1_146' title='bbox 550 1827 683 1914; x_wconf 84' lang='lat' dir='ltr'>vixeris,</span> <span class='ocrx_word' id='word_1_147' title='bbox 706 1827 790 1893; x_wconf 90' lang='lat' dir='ltr'>nihil</span> <span class='ocrx_word' id='word_1_148' title='bbox 812 1828 952 1894; x_wconf 91' lang='lat' dir='ltr'>intersit.</span> <span class='ocrx_word' id='word_1_149' title='bbox 997 1828 1074 1892; x_wconf 92' lang='lat' dir='ltr'>Non</span> <span class='ocrx_word' id='word_1_150' title='bbox 1105 1828 1307 1893; x_wconf 88' lang='lat' dir='ltr'>animadver-</span> 
     </span>
     <span class='ocr_line' id='line_1_19' title="bbox 131 1915 1307 2003; baseline 0 -22"><span class='ocrx_word' id='word_1_151' title='bbox 131 1920 220 2001; x_wconf 87' lang='lat' dir='ltr'>tunt,</span> <span class='ocrx_word' id='word_1_152' title='bbox 242 1916 364 2002; x_wconf 92' lang='lat' dir='ltr'>inquit,</span> <span class='ocrx_word' id='word_1_153' title='bbox 388 1917 497 1982; x_wconf 91' lang='lat' dir='ltr'>omnia</span> <span class='ocrx_word' id='word_1_154' title='bbox 520 1917 567 2002; x_wconf 93' lang='lat' dir='ltr'>di,</span> <span class='ocrx_word' id='word_1_155' title='bbox 589 1940 630 1982; x_wconf 90' lang='lat' dir='ltr'>ne</span> <span class='ocrx_word' id='word_1_156' title='bbox 660 1939 754 2003; x_wconf 89' lang='lat' dir='ltr'>reges</span> <span class='ocrx_word' id='word_1_157' title='bbox 785 1918 925 2002; x_wconf 91' lang='lat' dir='ltr'>quidem.</span> <span class='ocrx_word' id='word_1_158' title='bbox 978 1915 1063 1992; x_wconf 79' lang='lat' dir='ltr'>Quid</span> <span class='ocrx_word' id='word_1_159' title='bbox 1093 1920 1145 1982; x_wconf 91' lang='lat' dir='ltr'>est</span> <span class='ocrx_word' id='word_1_160' title='bbox 1177 1916 1307 1982; x_wconf 80' lang='lat' dir='ltr'>simile?</span> 
     </span>
     <span class='ocr_line' id='line_1_20' title="bbox 69 2004 1308 2092; baseline -0.002 -20"><span class='ocrx_word' id='word_1_161' title='bbox 69 2004 111 2072; x_wconf 88' lang='lat'>38</span> <span class='ocrx_word' id='word_1_162' title='bbox 130 2004 239 2092; x_wconf 84' lang='lat' dir='ltr'>Reges</span> <span class='ocrx_word' id='word_1_163' title='bbox 263 2007 350 2070; x_wconf 91' lang='lat' dir='ltr'>enim</span> <span class='ocrx_word' id='word_1_164' title='bbox 373 2006 402 2070; x_wconf 89' lang='lat' dir='ltr'>si</span> <span class='ocrx_word' id='word_1_165' title='bbox 425 2006 564 2071; x_wconf 88' lang='lat' dir='ltr'>scientes</span> <span class='ocrx_word' id='word_1_166' title='bbox 587 2007 872 2091; x_wconf 89' lang='lat' dir='ltr'>praetermittunt,</span> <span class='ocrx_word' id='word_1_167' title='bbox 902 2027 1021 2091; x_wconf 89' lang='lat' dir='ltr'>magna</span> <span class='ocrx_word' id='word_1_168' title='bbox 1052 2006 1147 2090; x_wconf 90' lang='lat' dir='ltr'>culpa</span> <span class='ocrx_word' id='word_1_169' title='bbox 1178 2010 1243 2091; x_wconf 73' lang='lat' dir='ltr'>est,</span> <span class='ocrx_word' id='word_1_170' title='bbox 1272 2010 1308 2070; x_wconf 90' lang='lat' dir='ltr'>at</span> 
     </span>
     <span class='ocr_line' id='line_1_21' title="bbox 131 2092 1351 2179; baseline 0 -21"><span class='ocrx_word' id='word_1_171' title='bbox 131 2094 191 2158; x_wconf 90' lang='lat' dir='ltr'>deo</span> <span class='ocrx_word' id='word_1_172' title='bbox 214 2116 255 2158; x_wconf 92' lang='lat' dir='ltr'>ne</span> <span class='ocrx_word' id='word_1_173' title='bbox 279 2094 445 2159; x_wconf 84' lang='lat' dir='ltr'>excusatio</span> <span class='ocrx_word' id='word_1_174' title='bbox 469 2095 600 2179; x_wconf 91' lang='lat' dir='ltr'>quidem</span> <span class='ocrx_word' id='word_1_175' title='bbox 623 2099 675 2160; x_wconf 91' lang='lat' dir='ltr'>est</span> <span class='ocrx_word' id='word_1_176' title='bbox 696 2095 897 2161; x_wconf 87' lang='lat' dir='ltr'>inscientiae.</span> <span class='ocrx_word' id='word_1_177' title='bbox 932 2092 1036 2169; x_wconf 79' lang='lat' dir='ltr'>Quem</span> <span class='ocrx_word' id='word_1_178' title='bbox 1058 2116 1116 2160; x_wconf 90' lang='lat' dir='ltr'>vos</span> <span class='ocrx_word' id='word_1_179' title='bbox 1140 2095 1351 2178; x_wconf 68' lang='lat' dir='ltr'>praeclarens</span> 
     </span>
     <span class='ocr_line' id='line_1_22' title="bbox 131 2178 1307 2269; baseline 0.002 -23"><span class='ocrx_word' id='word_1_180' title='bbox 131 2182 317 2268; x_wconf 83' lang='lat' dir='ltr'>defenditis,</span> <span class='ocrx_word' id='word_1_181' title='bbox 341 2206 415 2248; x_wconf 89' lang='lat' dir='ltr'>cum</span> <span class='ocrx_word' id='word_1_182' title='bbox 438 2183 547 2249; x_wconf 89' lang='lat' dir='ltr'>dicitis</span> <span class='ocrx_word' id='word_1_183' title='bbox 571 2207 642 2248; x_wconf 91' lang='lat' dir='ltr'>eam</span> <span class='ocrx_word' id='word_1_184' title='bbox 665 2178 734 2250; x_wconf 91' lang='lat' dir='ltr'>vim</span> <span class='ocrx_word' id='word_1_185' title='bbox 752 2184 886 2249; x_wconf 89' lang='lat' dir='ltr'>deorum</span> <span class='ocrx_word' id='word_1_186' title='bbox 906 2206 986 2269; x_wconf 91' lang='lat' dir='ltr'>esse,</span> <span class='ocrx_word' id='word_1_187' title='bbox 1008 2187 1055 2269; x_wconf 92' lang='lat' dir='ltr'>ut,</span> <span class='ocrx_word' id='word_1_188' title='bbox 1079 2183 1210 2249; x_wconf 89' lang='lat' dir='ltr'>etiamsi</span> <span class='ocrx_word' id='word_1_189' title='bbox 1233 2184 1307 2268; x_wconf 94' lang='lat' dir='ltr'>quis</span> 
     </span>
     <span class='ocr_line' id='line_1_23' title="bbox 131 2272 1308 2359; baseline 0.001 -24"><span class='ocrx_word' id='word_1_190' title='bbox 131 2276 237 2336; x_wconf 90' lang='lat' dir='ltr'>morte</span> <span class='ocrx_word' id='word_1_191' title='bbox 273 2294 395 2355; x_wconf 89' lang='lat' dir='ltr'>poenas</span> <span class='ocrx_word' id='word_1_192' title='bbox 434 2272 563 2337; x_wconf 85' lang='lat' dir='ltr'>sceleris</span> <span class='ocrx_word' id='word_1_193' title='bbox 602 2273 767 2359; x_wconf 88' lang='lat' dir='ltr'>effugerit,</span> <span class='ocrx_word' id='word_1_194' title='bbox 804 2275 998 2356; x_wconf 85' lang='lat' dir='ltr'>expetantur</span> <span class='ocrx_word' id='word_1_195' title='bbox 1034 2294 1090 2337; x_wconf 91' lang='lat' dir='ltr'>eae</span> <span class='ocrx_word' id='word_1_196' title='bbox 1125 2293 1251 2357; x_wconf 89' lang='lat' dir='ltr'>poenae</span> <span class='ocrx_word' id='word_1_197' title='bbox 1289 2295 1308 2336; x_wconf 93' lang='lat' dir='ltr'>a</span> 
     </span>
     <span class='ocr_line' id='line_1_24' title="bbox 131 2359 1307 2447; baseline 0.002 -24"><span class='ocrx_word' id='word_1_198' title='bbox 131 2359 258 2445; x_wconf 88' lang='lat' dir='ltr'>liberis,</span> <span class='ocrx_word' id='word_1_199' title='bbox 281 2383 301 2424; x_wconf 92' lang='lat' dir='ltr'>a</span> <span class='ocrx_word' id='word_1_200' title='bbox 322 2360 513 2446; x_wconf 89' lang='lat' dir='ltr'>nepotibus,</span> <span class='ocrx_word' id='word_1_201' title='bbox 537 2385 556 2426; x_wconf 91' lang='lat' dir='ltr'>a</span> <span class='ocrx_word' id='word_1_202' title='bbox 575 2362 725 2445; x_wconf 91' lang='lat' dir='ltr'>posteris.</span> <span class='ocrx_word' id='word_1_203' title='bbox 758 2362 784 2427; x_wconf 93' lang='grc' dir='ltr'>Ο</span> <span class='ocrx_word' id='word_1_204' title='bbox 804 2362 922 2426; x_wconf 90' lang='lat' dir='ltr'>miram</span> <span class='ocrx_word' id='word_1_205' title='bbox 941 2361 1141 2447; x_wconf 89' lang='lat' dir='ltr'>aequitatem</span> <span class='ocrx_word' id='word_1_206' title='bbox 1159 2362 1307 2426; x_wconf 87' lang='lat' dir='ltr'>deorum!</span> 
     </span>
    </p>
   </div>
   <div class='ocr_carea' id='block_1_2' title="bbox 132 2568 1309 2857">
    <p class='ocr_par' dir='ltr' id='par_1_2' title="bbox 132 2568 1309 2857">
     <span class='ocr_line' id='line_1_25' title="bbox 168 2568 1307 2641; baseline 0.002 -17"><span class='ocrx_word' id='word_1_207' title='bbox 168 2577 193 2625; x_wconf 77' lang='lat'>2.</span> <span class='ocrx_word' id='word_1_208' title='bbox 212 2576 245 2626; x_wconf 84' lang='lat' dir='ltr'>at</span> <span class='ocrx_word' id='word_1_209' title='bbox 262 2570 399 2640; x_wconf 80' lang='lat' dir='ltr'>Diopeaee</span> <span class='ocrx_word' id='word_1_210' title='bbox 417 2571 537 2626; x_wconf 81' lang='lat' dir='ltr'>dicebat:</span> <span class='ocrx_word' id='word_1_211' title='bbox 558 2568 605 2641; x_wconf 92' lang='grc' dir='ltr'>ΙΙΙ,</span> <span class='ocrx_word' id='word_1_212' title='bbox 616 2577 659 2627; x_wconf 86' lang='grc'>80.</span> <span class='ocrx_word' id='word_1_213' title='bbox 782 2577 824 2626; x_wconf 69' lang='grc' dir='ltr'>λλ.</span> <span class='ocrx_word' id='word_1_214' title='bbox 844 2577 1007 2640; x_wconf 74' lang='lat' dir='ltr'>expetantur</span> <span class='ocrx_word' id='word_1_215' title='bbox 1025 2588 1131 2641; x_wconf 69' lang='grc' dir='ltr'><strong><em>οοαιοι</em></strong></span> <span class='ocrx_word' id='word_1_216' title='bbox 1155 2579 1177 2626; x_wconf 88' lang='lat' dir='ltr'>&#39;a</span> <span class='ocrx_word' id='word_1_217' title='bbox 1205 2571 1307 2626; x_wconf 74' lang='lat' dir='ltr'>tiberis.</span> 
     </span>
     <span class='ocr_line' id='line_1_26' title="bbox 169 2639 1309 2730; baseline 0.001 -35"><span class='ocrx_word' id='word_1_218' title='bbox 169 2647 193 2695; x_wconf 86' lang='lat'>5.</span> <span class='ocrx_word' id='word_1_219' title='bbox 213 2641 364 2712; x_wconf 68' lang='lat' dir='ltr'>Diagoras,</span> <span class='ocrx_word' id='word_1_220' title='bbox 383 2659 405 2696; x_wconf 91' lang='lat' dir='ltr'>s.</span> <span class='ocrx_word' id='word_1_221' title='bbox 419 2659 441 2695; x_wconf 84' lang='lat' dir='ltr'>z.</span> <span class='ocrx_word' id='word_1_222' title='bbox 457 2641 477 2709; x_wconf 98' lang='grc' dir='ltr'>Ι,</span> <span class='ocrx_word' id='word_1_223' title='bbox 493 2647 517 2696; x_wconf 80' lang='grc'>2.</span> <span class='ocrx_word' id='word_1_224' title='bbox 745 2642 811 2730; x_wconf 78' lang='lat' dir='ltr'>Vgl.</span> <span class='ocrx_word' id='word_1_225' title='bbox 829 2643 857 2696; x_wconf 88' lang='lat' dir='ltr'>II.</span> <span class='ocrx_word' id='word_1_226' title='bbox 873 2643 918 2711; x_wconf 89' lang='lat' dir='ltr'>IV,</span> <span class='ocrx_word' id='word_1_227' title='bbox 932 2649 994 2698; x_wconf 85' lang='lat'>160:</span> <span class='ocrx_word' id='word_1_228' title='bbox 1016 2645 1095 2713; x_wconf 82' lang='grc' dir='ltr'><em>εἴπερ</em></span> <span class='ocrx_word' id='word_1_229' title='bbox 1120 2639 1175 2713; x_wconf 75' lang='grc' dir='ltr'>γάρ</span> <span class='ocrx_word' id='word_1_230' title='bbox 1201 2661 1232 2696; x_wconf 83' lang='grc' dir='ltr'>τε</span> <span class='ocrx_word' id='word_1_231' title='bbox 1258 2643 1309 2696; x_wconf 82' lang='lat' dir='ltr'>aut</span> 
     </span>
     <span class='ocr_line' id='line_1_27' title="bbox 169 2708 1309 2783; baseline 0.002 -19"><span class='ocrx_word' id='word_1_232' title='bbox 169 2717 193 2765; x_wconf 83' lang='lat'>6.</span> <span class='ocrx_word' id='word_1_233' title='bbox 213 2714 319 2766; x_wconf 81' lang='lat' dir='ltr'>amicas</span> <span class='ocrx_word' id='word_1_234' title='bbox 342 2729 379 2767; x_wconf 87' lang='lat' dir='ltr'>so.</span> <span class='ocrx_word' id='word_1_235' title='bbox 403 2714 523 2768; x_wconf 79' lang='lat' dir='ltr'>dtatsset.</span> <span class='ocrx_word' id='word_1_236' title='bbox 565 2712 618 2767; x_wconf 89' lang='lat' dir='ltr'>Die</span> <span class='ocrx_word' id='word_1_237' title='bbox 641 2730 690 2766; x_wconf 89' lang='lat' dir='ltr'>un·</span> <span class='ocrx_word' id='word_1_238' title='bbox 746 2709 839 2768; x_wconf 70' lang='lat' dir='ltr'>uvatn&#39;</span> <span class='ocrx_word' id='word_1_239' title='bbox 857 2710 1005 2783; x_wconf 77' lang='grc' dir='ltr'><em>Ὀλύμπιος</em></span> <span class='ocrx_word' id='word_1_240' title='bbox 1024 2710 1077 2768; x_wconf 75' lang='grc' dir='ltr'>οὖν</span> <span class='ocrx_word' id='word_1_241' title='bbox 1096 2708 1248 2780; x_wconf 74' lang='grc' dir='ltr'><strong><em>ἐτέλεσσεν,</em></strong></span> <span class='ocrx_word' id='word_1_242' title='bbox 1276 2711 1309 2768; x_wconf 76' lang='grc' dir='ltr'>ἔτι</span> 
     </span>
     <span class='ocr_line' id='line_1_28' title="bbox 132 2781 1308 2857; baseline 0.001 -20"><span class='ocrx_word' id='word_1_243' title='bbox 132 2781 328 2851; x_wconf 78' lang='lat' dir='ltr'>gewohnliche</span> <span class='ocrx_word' id='word_1_244' title='bbox 371 2783 478 2852; x_wconf 84' lang='lat' dir='ltr'>Ellipse</span> <span class='ocrx_word' id='word_1_245' title='bbox 515 2784 565 2838; x_wconf 87' lang='lat' dir='ltr'>des</span> <span class='ocrx_word' id='word_1_246' title='bbox 606 2784 691 2840; x_wconf 88' lang='lat' dir='ltr'>Verb.</span> <span class='ocrx_word' id='word_1_247' title='bbox 745 2804 775 2838; x_wconf 80' lang='grc' dir='ltr'>τε</span> <span class='ocrx_word' id='word_1_248' title='bbox 795 2784 844 2838; x_wconf 79' lang='grc' dir='ltr'>καὶ</span> <span class='ocrx_word' id='word_1_249' title='bbox 863 2781 917 2853; x_wconf 75' lang='grc' dir='ltr'>ὀψὲ</span> <span class='ocrx_word' id='word_1_250' title='bbox 942 2789 1027 2839; x_wconf 82' lang='grc' dir='ltr'><strong><em>τελεῖ·</em></strong></span> <span class='ocrx_word' id='word_1_251' title='bbox 1057 2783 1109 2840; x_wconf 80' lang='grc' dir='ltr'>οὐν</span> <span class='ocrx_word' id='word_1_252' title='bbox 1136 2803 1166 2838; x_wconf 82' lang='grc' dir='ltr'>τε</span> <span class='ocrx_word' id='word_1_253' title='bbox 1195 2781 1308 2857; x_wconf 75' lang='grc' dir='ltr'><strong><em>μεγάλῳ</em></strong></span> 
     </span>
    </p>
   </div>
   <div class='ocr_carea' id='block_1_3' title="bbox 91 2853 695 4487">
    <p class='ocr_par' dir='ltr' id='par_1_3' title="bbox 131 2853 692 3066">
     <span class='ocr_line' id='line_1_29' title="bbox 133 2853 691 2925; baseline 0.004 -17"><span class='ocrx_word' id='word_1_254' title='bbox 133 2853 245 2908; x_wconf 86' lang='lat' dir='ltr'>dicendi</span> <span class='ocrx_word' id='word_1_255' title='bbox 269 2853 309 2906; x_wconf 90' lang='lat' dir='ltr'>im</span> <span class='ocrx_word' id='word_1_256' title='bbox 336 2853 512 2924; x_wconf 82' lang='lat' dir='ltr'>Konjunktiv</span> <span class='ocrx_word' id='word_1_257' title='bbox 540 2855 612 2908; x_wconf 80' lang='lat' dir='ltr'>vird</span> <span class='ocrx_word' id='word_1_258' title='bbox 643 2872 691 2925; x_wconf 89' lang='lat' dir='ltr'>ge·</span> 
     </span>
     <span class='ocr_line' id='line_1_30' title="bbox 131 2925 692 2996; baseline -0.002 -15"><span class='ocrx_word' id='word_1_259' title='bbox 131 2925 245 2981; x_wconf 88' lang='lat' dir='ltr'>mildert</span> <span class='ocrx_word' id='word_1_260' title='bbox 264 2926 352 2979; x_wconf 86' lang='lat' dir='ltr'>durch</span> <span class='ocrx_word' id='word_1_261' title='bbox 371 2927 425 2980; x_wconf 88' lang='lat' dir='ltr'>den</span> <span class='ocrx_word' id='word_1_262' title='bbox 443 2926 692 2996; x_wconf 85' lang='lat' dir='ltr'>voraufgehenden</span> 
     </span>
     <span class='ocr_line' id='line_1_31' title="bbox 131 2996 447 3066; baseline 0.003 -15"><span class='ocrx_word' id='word_1_263' title='bbox 131 2996 308 3066; x_wconf 80' lang='lat' dir='ltr'>Konjunktiv</span> <span class='ocrx_word' id='word_1_264' title='bbox 326 3000 447 3052; x_wconf 80' lang='lat' dir='ltr'>acuisset.</span> 
     </span>
    </p>

    <p class='ocr_par' dir='ltr' id='par_1_4' title="bbox 91 3067 693 3701">
     <span class='ocr_line' id='line_1_32' title="bbox 170 3067 693 3137; baseline 0.002 -15"><span class='ocrx_word' id='word_1_265' title='bbox 170 3075 193 3122; x_wconf 79' lang='lat'>7.</span> <span class='ocrx_word' id='word_1_266' title='bbox 212 3085 245 3123; x_wconf 83' lang='lat' dir='ltr'>ea</span> <span class='ocrx_word' id='word_1_267' title='bbox 263 3074 302 3124; x_wconf 89' lang='lat' dir='ltr'>tet</span> <span class='ocrx_word' id='word_1_268' title='bbox 332 3070 435 3125; x_wconf 79' lang='lat' dir='ltr'>tatutis</span> <span class='ocrx_word' id='word_1_269' title='bbox 462 3070 562 3137; x_wconf 73' lang='lat' dir='ltr'>pictis,</span> <span class='ocrx_word' id='word_1_270' title='bbox 594 3067 693 3123; x_wconf 84' lang='lat' dir='ltr'>Votiv-</span> 
     </span>
     <span class='ocr_line' id='line_1_33' title="bbox 132 3138 692 3207; baseline 0 -14"><span class='ocrx_word' id='word_1_271' title='bbox 132 3139 269 3207; x_wconf 73' lang='lat' dir='ltr'>gemtlde,</span> <span class='ocrx_word' id='word_1_272' title='bbox 290 3139 341 3192; x_wconf 90' lang='lat' dir='ltr'>auf</span> <span class='ocrx_word' id='word_1_273' title='bbox 357 3140 484 3193; x_wconf 89' lang='lat' dir='ltr'>welchen</span> <span class='ocrx_word' id='word_1_274' title='bbox 498 3138 544 3193; x_wconf 90' lang='lat' dir='ltr'>die</span> <span class='ocrx_word' id='word_1_275' title='bbox 563 3155 618 3193; x_wconf 92' lang='lat' dir='ltr'>von</span> <span class='ocrx_word' id='word_1_276' title='bbox 637 3140 692 3194; x_wconf 89' lang='lat' dir='ltr'>den</span> 
     </span>
     <span class='ocr_line' id='line_1_34' title="bbox 134 3209 691 3279; baseline 0.005 -16"><span class='ocrx_word' id='word_1_277' title='bbox 134 3209 383 3279; x_wconf 80' lang='lat' dir='ltr'>Schiffbriiehigen</span> <span class='ocrx_word' id='word_1_278' title='bbox 397 3211 624 3265; x_wconf 78' lang='lat' dir='ltr'>iiberstandenen</span> <span class='ocrx_word' id='word_1_279' title='bbox 638 3210 691 3266; x_wconf 83' lang='lat' dir='ltr'>Ge·</span> 
     </span>
     <span class='ocr_line' id='line_1_35' title="bbox 132 3280 691 3349; baseline 0.007 -17"><span class='ocrx_word' id='word_1_280' title='bbox 132 3280 231 3334; x_wconf 80' lang='lat' dir='ltr'>fabren</span> <span class='ocrx_word' id='word_1_281' title='bbox 271 3282 438 3349; x_wconf 87' lang='lat' dir='ltr'>dargestellt</span> <span class='ocrx_word' id='word_1_282' title='bbox 474 3298 575 3336; x_wconf 87' lang='lat' dir='ltr'>waren.</span> <span class='ocrx_word' id='word_1_283' title='bbox 626 3281 691 3336; x_wconf 88' lang='lat' dir='ltr'>Man</span> 
     </span>
     <span class='ocr_line' id='line_1_36' title="bbox 132 3350 690 3421; baseline 0.009 -19"><span class='ocrx_word' id='word_1_284' title='bbox 132 3350 237 3421; x_wconf 86' lang='lat' dir='ltr'>pflegte</span> <span class='ocrx_word' id='word_1_285' title='bbox 261 3351 301 3404; x_wconf 76' lang='lat' dir='ltr'>ste</span> <span class='ocrx_word' id='word_1_286' title='bbox 327 3351 357 3404; x_wconf 88' lang='lat' dir='ltr'>in</span> <span class='ocrx_word' id='word_1_287' title='bbox 384 3352 439 3406; x_wconf 89' lang='lat' dir='ltr'>den</span> <span class='ocrx_word' id='word_1_288' title='bbox 463 3352 599 3421; x_wconf 87' lang='lat' dir='ltr'>Tempeln</span> <span class='ocrx_word' id='word_1_289' title='bbox 629 3353 690 3407; x_wconf 89' lang='lat' dir='ltr'>der·</span> 
     </span>
     <span class='ocr_line' id='line_1_37' title="bbox 130 3420 690 3494; baseline 0.007 -20"><span class='ocrx_word' id='word_1_290' title='bbox 130 3420 248 3490; x_wconf 86' lang='lat' dir='ltr'>jenigen</span> <span class='ocrx_word' id='word_1_291' title='bbox 284 3420 451 3476; x_wconf 83' lang='lat' dir='ltr'>Gottheiten</span> <span class='ocrx_word' id='word_1_292' title='bbox 488 3424 690 3494; x_wconf 71' lang='lat' dir='ltr'>aufzuhttugen</span> 
     </span>
     <span class='ocr_line' id='line_1_38' title="bbox 133 3491 691 3562; baseline 0.007 -17"><span class='ocrx_word' id='word_1_293' title='bbox 133 3493 224 3546; x_wconf 88' lang='lat' dir='ltr'>denen</span> <span class='ocrx_word' id='word_1_294' title='bbox 243 3508 309 3546; x_wconf 89' lang='lat' dir='ltr'>man</span> <span class='ocrx_word' id='word_1_295' title='bbox 333 3491 408 3547; x_wconf 84' lang='lat' dir='ltr'>scine</span> <span class='ocrx_word' id='word_1_296' title='bbox 428 3492 553 3562; x_wconf 87' lang='lat' dir='ltr'>Rettung</span> <span class='ocrx_word' id='word_1_297' title='bbox 574 3513 608 3547; x_wconf 84' lang='lat' dir='ltr'>zu</span> <span class='ocrx_word' id='word_1_298' title='bbox 630 3512 691 3549; x_wconf 89' lang='lat' dir='ltr'>ver-</span> 
     </span>
     <span class='ocr_line' id='line_1_39' title="bbox 91 3563 690 3633; baseline 0.008 -16"><span class='ocrx_word' id='word_1_299' title='bbox 91 3597 93 3602; x_wconf 92' lang='lat'>·</span> <span class='ocrx_word' id='word_1_300' title='bbox 133 3563 245 3618; x_wconf 79' lang='lat' dir='ltr'>danken</span> <span class='ocrx_word' id='word_1_301' title='bbox 263 3564 389 3633; x_wconf 86' lang='lat' dir='ltr'>glaubte.</span> <span class='ocrx_word' id='word_1_302' title='bbox 417 3564 484 3618; x_wconf 89' lang='lat' dir='ltr'>Hor.</span> <span class='ocrx_word' id='word_1_303' title='bbox 494 3581 577 3620; x_wconf 87' lang='lat' dir='ltr'>carm.</span> <span class='ocrx_word' id='word_1_304' title='bbox 587 3566 607 3632; x_wconf 95' lang='grc' dir='ltr'>Ι,</span> <span class='ocrx_word' id='word_1_305' title='bbox 618 3571 643 3633; x_wconf 82' lang='grc'>5,</span> <span class='ocrx_word' id='word_1_306' title='bbox 652 3582 690 3633; x_wconf 80' lang='grc' dir='ltr'>ιο;</span> 
     </span>
     <span class='ocr_line' id='line_1_40' title="bbox 133 3635 312 3701; baseline 0.006 -12"><span class='ocrx_word' id='word_1_307' title='bbox 133 3635 185 3690; x_wconf 85' lang='lat' dir='ltr'>sat.</span> <span class='ocrx_word' id='word_1_308' title='bbox 200 3636 233 3701; x_wconf 92' lang='grc' dir='ltr'>ΙΙ,</span> <span class='ocrx_word' id='word_1_309' title='bbox 244 3642 267 3701; x_wconf 88' lang='grc'>1,</span> <span class='ocrx_word' id='word_1_310' title='bbox 278 3651 312 3690; x_wconf 82' lang='lat' dir='ltr'>aa.</span> 
     </span>
    </p>

    <p class='ocr_par' dir='ltr' id='par_1_5' title="bbox 134 3705 690 3844">
     <span class='ocr_line' id='line_1_41' title="bbox 170 3705 690 3774; baseline 0.002 -14"><span class='ocrx_word' id='word_1_311' title='bbox 170 3713 194 3760; x_wconf 84' lang='lat'>9.</span> <span class='ocrx_word' id='word_1_312' title='bbox 212 3707 260 3762; x_wconf 86' lang='lat' dir='ltr'>Ita</span> <span class='ocrx_word' id='word_1_313' title='bbox 278 3709 318 3774; x_wconf 72' lang='lat' dir='ltr'>fit,</span> <span class='ocrx_word' id='word_1_314' title='bbox 339 3705 400 3760; x_wconf 91' lang='lat' dir='ltr'>eine</span> <span class='ocrx_word' id='word_1_315' title='bbox 419 3706 530 3760; x_wconf 80' lang='lat' dir='ltr'>Formo]</span> <span class='ocrx_word' id='word_1_316' title='bbox 549 3707 599 3761; x_wconf 90' lang='lat' dir='ltr'>der</span> <span class='ocrx_word' id='word_1_317' title='bbox 625 3724 690 3761; x_wconf 93' lang='lat' dir='ltr'>con·</span> 
     </span>
     <span class='ocr_line' id='line_1_42' title="bbox 134 3776 387 3844; baseline 0 -12"><span class='ocrx_word' id='word_1_318' title='bbox 134 3776 235 3844; x_wconf 69' lang='lat' dir='ltr'>cessim</span> <span class='ocrx_word' id='word_1_319' title='bbox 255 3776 387 3832; x_wconf 88' lang='lat' dir='ltr'>ironisch.</span> 
     </span>
    </p>

    <p class='ocr_par' dir='ltr' id='par_1_6' title="bbox 133 3850 693 3988">
     <span class='ocr_line' id='line_1_43' title="bbox 170 3850 693 3918; baseline 0.01 -18"><span class='ocrx_word' id='word_1_320' title='bbox 170 3853 212 3904; x_wconf 86' lang='grc'>16.</span> <span class='ocrx_word' id='word_1_321' title='bbox 234 3851 272 3904; x_wconf 84' lang='lat' dir='ltr'>ad</span> <span class='ocrx_word' id='word_1_322' title='bbox 294 3865 454 3918; x_wconf 80' lang='lat' dir='ltr'>prosperam</span> <span class='ocrx_word' id='word_1_323' title='bbox 481 3880 514 3890; x_wconf 90' lang='lat'>—</span> <span class='ocrx_word' id='word_1_324' title='bbox 541 3850 693 3917; x_wconf 75' lang='lat' dir='ltr'>fortunam.</span> 
     </span>
     <span class='ocr_line' id='line_1_44' title="bbox 133 3917 452 3988; baseline 0.006 -16"><span class='ocrx_word' id='word_1_325' title='bbox 133 3917 244 3988; x_wconf 88' lang='lat' dir='ltr'>Wegen</span> <span class='ocrx_word' id='word_1_326' title='bbox 262 3921 300 3975; x_wconf 87' lang='lat' dir='ltr'>ad</span> <span class='ocrx_word' id='word_1_327' title='bbox 318 3938 339 3974; x_wconf 93' lang='lat' dir='ltr'>s.</span> <span class='ocrx_word' id='word_1_328' title='bbox 358 3939 380 3975; x_wconf 86' lang='lat' dir='ltr'>z.</span> <span class='ocrx_word' id='word_1_329' title='bbox 395 3921 416 3988; x_wconf 89' lang='lat' dir='ltr'>I,</span> <span class='ocrx_word' id='word_1_330' title='bbox 428 3924 452 3974; x_wconf 89' lang='lat'>1.</span> 
     </span>
    </p>

    <p class='ocr_par' dir='ltr' id='par_1_7' title="bbox 172 3992 518 4058">
     <span class='ocr_line' id='line_1_45' title="bbox 172 3992 518 4058; baseline -0.003 -14"><span class='ocrx_word' id='word_1_331' title='bbox 172 3996 212 4045; x_wconf 85' lang='lat'>18.</span> <span class='ocrx_word' id='word_1_332' title='bbox 232 3992 333 4057; x_wconf 82' lang='lat' dir='ltr'>iuquit,</span> <span class='ocrx_word' id='word_1_333' title='bbox 352 4008 373 4046; x_wconf 91' lang='lat' dir='ltr'>s.</span> <span class='ocrx_word' id='word_1_334' title='bbox 388 4010 410 4046; x_wconf 81' lang='lat' dir='ltr'>a.</span> <span class='ocrx_word' id='word_1_335' title='bbox 426 3992 445 4058; x_wconf 93' lang='grc' dir='ltr'>Ι,</span> <span class='ocrx_word' id='word_1_336' title='bbox 460 3998 518 4046; x_wconf 79' lang='lat'>102.</span> 
     </span>
    </p>

    <p class='ocr_par' dir='ltr' id='par_1_8' title="bbox 125 4061 695 4487">
     <span class='ocr_line' id='line_1_46' title="bbox 171 4061 693 4133; baseline 0.004 -18"><span class='ocrx_word' id='word_1_337' title='bbox 171 4067 211 4117; x_wconf 83' lang='lat'>19.</span> <span class='ocrx_word' id='word_1_338' title='bbox 221 4079 322 4133; x_wconf 66' lang='lat' dir='ltr'>magau</span> <span class='ocrx_word' id='word_1_339' title='bbox 331 4064 412 4131; x_wconf 81' lang='lat' dir='ltr'>calpa</span> <span class='ocrx_word' id='word_1_340' title='bbox 423 4069 469 4116; x_wconf 83' lang='lat' dir='ltr'>est.</span> <span class='ocrx_word' id='word_1_341' title='bbox 498 4061 579 4115; x_wconf 89' lang='lat' dir='ltr'>Nach</span> <span class='ocrx_word' id='word_1_342' title='bbox 595 4062 693 4117; x_wconf 89' lang='lat' dir='ltr'>diesen</span> 
     </span>
     <span class='ocr_line' id='line_1_47' title="bbox 134 4131 692 4189; baseline 0.005 -6"><span class='ocrx_word' id='word_1_343' title='bbox 134 4131 253 4187; x_wconf 89' lang='lat' dir='ltr'>Worten</span> <span class='ocrx_word' id='word_1_344' title='bbox 278 4135 409 4187; x_wconf 87' lang='lat' dir='ltr'>crwartet</span> <span class='ocrx_word' id='word_1_345' title='bbox 438 4150 504 4186; x_wconf 91' lang='lat' dir='ltr'>man</span> <span class='ocrx_word' id='word_1_346' title='bbox 530 4133 611 4188; x_wconf 90' lang='lat' dir='ltr'>einen</span> <span class='ocrx_word' id='word_1_347' title='bbox 640 4135 692 4189; x_wconf 86' lang='lat' dir='ltr'>Ge·</span> 
     </span>
     <span class='ocr_line' id='line_1_48' title="bbox 134 4202 694 4273; baseline 0.005 -17"><span class='ocrx_word' id='word_1_348' title='bbox 134 4202 246 4258; x_wconf 88' lang='lat' dir='ltr'>danken</span> <span class='ocrx_word' id='word_1_349' title='bbox 265 4203 332 4257; x_wconf 87' lang='lat' dir='ltr'>wie:</span> <span class='ocrx_word' id='word_1_350' title='bbox 350 4206 376 4258; x_wconf 79' lang='lat' dir='ltr'>ei</span> <span class='ocrx_word' id='word_1_351' title='bbox 395 4205 549 4266; x_wconf 74' lang='lat' dir='ltr'>inscientes,</span> <span class='ocrx_word' id='word_1_352' title='bbox 571 4207 694 4273; x_wconf 80' lang='lat' dir='ltr'>aliquam</span> 
     </span>
     <span class='ocr_line' id='line_1_49' title="bbox 133 4275 695 4331; baseline 0.002 -2"><span class='ocrx_word' id='word_1_353' title='bbox 133 4275 233 4330; x_wconf 80' lang='lat' dir='ltr'>habeat</span> <span class='ocrx_word' id='word_1_354' title='bbox 251 4277 456 4330; x_wconf 77' lang='lat' dir='ltr'>excasationem.</span> <span class='ocrx_word' id='word_1_355' title='bbox 482 4275 618 4331; x_wconf 84' lang='lat' dir='ltr'>Derselbe</span> <span class='ocrx_word' id='word_1_356' title='bbox 633 4276 695 4330; x_wconf 73' lang='lat' dir='ltr'>lsai</span> 
     </span>
     <span class='ocr_line' id='line_1_50' title="bbox 135 4343 693 4415; baseline 0.004 -15"><span class='ocrx_word' id='word_1_357' title='bbox 135 4343 195 4400; x_wconf 82' lang='lat' dir='ltr'>sich</span> <span class='ocrx_word' id='word_1_358' title='bbox 218 4345 323 4415; x_wconf 87' lang='lat' dir='ltr'>jedoch</span> <span class='ocrx_word' id='word_1_359' title='bbox 350 4345 440 4400; x_wconf 87' lang='lat' dir='ltr'>leioht</span> <span class='ocrx_word' id='word_1_360' title='bbox 464 4363 514 4401; x_wconf 86' lang='lat' dir='ltr'>aus</span> <span class='ocrx_word' id='word_1_361' title='bbox 541 4344 606 4401; x_wconf 85' lang='lat' dir='ltr'>dem</span> <span class='ocrx_word' id='word_1_362' title='bbox 629 4347 693 4402; x_wconf 82' lang='lat' dir='ltr'>Fol-</span> 
     </span>
     <span class='ocr_line' id='line_1_51' title="bbox 125 4416 409 4487; baseline 0.014 -18"><span class='ocrx_word' id='word_1_363' title='bbox 125 4416 242 4485; x_wconf 74' lang='lat' dir='ltr'>genden</span> <span class='ocrx_word' id='word_1_364' title='bbox 262 4421 409 4487; x_wconf 77' lang='lat' dir='ltr'>erganzen.</span> 
     </span>
    </p>
   </div>
   <div class='ocr_carea' id='block_1_4' title="bbox 744 2852 1355 4490">
    <p class='ocr_par' dir='ltr' id='par_1_9' title="bbox 745 2852 1309 3553">
     <span class='ocr_line' id='line_1_52' title="bbox 746 2852 1308 2926; baseline 0.002 -18"><span class='ocrx_word' id='word_1_365' title='bbox 746 2852 895 2924; x_wconf 79' lang='grc' dir='ltr'><strong><em>ἀπέτισαν,</em></strong></span> <span class='ocrx_word' id='word_1_366' title='bbox 932 2854 984 2911; x_wconf 81' lang='grc' dir='ltr'>σὺν</span> <span class='ocrx_word' id='word_1_367' title='bbox 1016 2857 1121 2926; x_wconf 83' lang='grc' dir='ltr'><strong><em>σφῇσιν</em></strong></span> <span class='ocrx_word' id='word_1_368' title='bbox 1157 2857 1308 2926; x_wconf 77' lang='grc' dir='ltr'><strong><em>κεφαλῇσι,</em></strong></span> 
     </span>
     <span class='ocr_line' id='line_1_53' title="bbox 745 2925 1308 2997; baseline -0.002 -17"><span class='ocrx_word' id='word_1_369' title='bbox 745 2929 861 2997; x_wconf 75' lang='grc' dir='ltr'><strong><em>γυναιξί</em></strong></span> <span class='ocrx_word' id='word_1_370' title='bbox 875 2946 905 2982; x_wconf 82' lang='grc' dir='ltr'>τε</span> <span class='ocrx_word' id='word_1_371' title='bbox 924 2927 973 2981; x_wconf 82' lang='grc' dir='ltr'>καὶ</span> <span class='ocrx_word' id='word_1_372' title='bbox 991 2925 1140 2983; x_wconf 79' lang='grc' dir='ltr'><strong><em>τεκέεσσιν.</em></strong></span> <span class='ocrx_word' id='word_1_373' title='bbox 1161 2927 1218 2982; x_wconf 84' lang='lat' dir='ltr'>Sol.</span> <span class='ocrx_word' id='word_1_374' title='bbox 1233 2927 1308 2994; x_wconf 85' lang='lat' dir='ltr'>XIII,</span> 
     </span>
     <span class='ocr_line' id='line_1_54' title="bbox 747 2996 1308 3068; baseline 0 -16"><span class='ocrx_word' id='word_1_375' title='bbox 747 3004 779 3052; x_wconf 82' lang='lat'>31</span> <span class='ocrx_word' id='word_1_376' title='bbox 804 2997 912 3068; x_wconf 76' lang='lat' dir='ltr'>Bergk:</span> <span class='ocrx_word' id='word_1_377' title='bbox 938 2996 1062 3053; x_wconf 73' lang='grc' dir='ltr'><strong><em>ἀναίτιοι</em></strong></span> <span class='ocrx_word' id='word_1_378' title='bbox 1088 2996 1156 3068; x_wconf 71' lang='grc' dir='ltr'><strong><em>ἔργα</em></strong></span> <span class='ocrx_word' id='word_1_379' title='bbox 1181 3000 1308 3052; x_wconf 72' lang='grc' dir='ltr'><strong><em>τίνουσιν</em></strong></span> 
     </span>
     <span class='ocr_line' id='line_1_55' title="bbox 746 3062 1309 3159; baseline 0 -37"><span class='ocrx_word' id='word_1_380' title='bbox 746 3064 767 3159; x_wconf 57' lang='grc' dir='ltr'><strong>ἦ</strong></span> <span class='ocrx_word' id='word_1_381' title='bbox 783 3071 886 3131; x_wconf 77' lang='grc' dir='ltr'><strong><em>παῖδες</em></strong></span> <span class='ocrx_word' id='word_1_382' title='bbox 904 3067 1012 3124; x_wconf 81' lang='grc' dir='ltr'><strong><em>τούτων</em></strong></span> <span class='ocrx_word' id='word_1_383' title='bbox 1027 3065 1171 3140; x_wconf 72' lang='lat' dir='ltr'>(atteroda)</span> <span class='ocrx_word' id='word_1_384' title='bbox 1189 3062 1207 3138; x_wconf 73' lang='grc' dir='ltr'>ἢ</span> <span class='ocrx_word' id='word_1_385' title='bbox 1226 3069 1309 3139; x_wconf 77' lang='grc' dir='ltr'><strong><em>γένος</em></strong></span> 
     </span>
     <span class='ocr_line' id='line_1_56' title="bbox 747 3136 1307 3210; baseline 0.002 -17"><span class='ocrx_word' id='word_1_386' title='bbox 747 3161 786 3193; x_wconf 88' lang='grc' dir='ltr'>ων</span> <span class='ocrx_word' id='word_1_387' title='bbox 807 3136 904 3195; x_wconf 79' lang='grc' dir='ltr'><strong><em>ὀπίσω.</em></strong></span> <span class='ocrx_word' id='word_1_388' title='bbox 942 3139 1037 3210; x_wconf 86' lang='lat' dir='ltr'>Eurip.</span> <span class='ocrx_word' id='word_1_389' title='bbox 1056 3139 1180 3196; x_wconf 83' lang='lat' dir='ltr'>b.&#39;Plut.</span> <span class='ocrx_word' id='word_1_390' title='bbox 1205 3141 1232 3194; x_wconf 86' lang='lat' dir='ltr'>d.</span> <span class='ocrx_word' id='word_1_391' title='bbox 1254 3158 1307 3194; x_wconf 89' lang='lat' dir='ltr'>ser.</span> 
     </span>
     <span class='ocr_line' id='line_1_57' title="bbox 745 3208 1308 3282; baseline -0.002 -17"><span class='ocrx_word' id='word_1_392' title='bbox 745 3230 819 3265; x_wconf 90' lang='lat' dir='ltr'>num.</span> <span class='ocrx_word' id='word_1_393' title='bbox 835 3211 911 3267; x_wconf 90' lang='lat' dir='ltr'>vind.</span> <span class='ocrx_word' id='word_1_394' title='bbox 925 3231 952 3282; x_wconf 91' lang='lat' dir='ltr'>p.</span> <span class='ocrx_word' id='word_1_395' title='bbox 968 3218 1015 3267; x_wconf 85' lang='lat'>48:</span> <span class='ocrx_word' id='word_1_396' title='bbox 1035 3208 1070 3265; x_wconf 81' lang='grc' dir='ltr'>τὰ</span> <span class='ocrx_word' id='word_1_397' title='bbox 1087 3213 1144 3266; x_wconf 78' lang='grc' dir='ltr'>τῶν</span> <span class='ocrx_word' id='word_1_398' title='bbox 1166 3209 1308 3266; x_wconf 80' lang='grc' dir='ltr'><strong><em>τενόντων</em></strong></span> 
     </span>
     <span class='ocr_line' id='line_1_58' title="bbox 746 3277 1309 3352; baseline -0.005 -15"><span class='ocrx_word' id='word_1_399' title='bbox 746 3279 884 3352; x_wconf 78' lang='grc' dir='ltr'><strong><em>σφάλματ’</em></strong></span> <span class='ocrx_word' id='word_1_400' title='bbox 915 3283 954 3344; x_wconf 79' lang='grc' dir='ltr'>εἰς</span> <span class='ocrx_word' id='word_1_401' title='bbox 979 3277 1046 3345; x_wconf 75' lang='grc' dir='ltr'><strong><em>τοὺς</em></strong></span> <span class='ocrx_word' id='word_1_402' title='bbox 1078 3277 1214 3352; x_wconf 66' lang='grc' dir='ltr'><strong><em>ἐκγόνους</em></strong></span> <span class='ocrx_word' id='word_1_403' title='bbox 1240 3281 1309 3335; x_wconf 74' lang='grc' dir='ltr'><strong><em>θεολ</em></strong></span> 
     </span>
     <span class='ocr_line' id='line_1_59' title="bbox 745 3352 1307 3422; baseline 0 -15"><span class='ocrx_word' id='word_1_404' title='bbox 745 3352 886 3422; x_wconf 81' lang='grc' dir='ltr'><strong><em>τρέπουσι.</em></strong></span> <span class='ocrx_word' id='word_1_405' title='bbox 936 3353 1003 3410; x_wconf 89' lang='lat' dir='ltr'>Hor.</span> <span class='ocrx_word' id='word_1_406' title='bbox 1032 3371 1116 3408; x_wconf 90' lang='lat' dir='ltr'>carm.</span> <span class='ocrx_word' id='word_1_407' title='bbox 1150 3353 1202 3420; x_wconf 91' lang='grc' dir='ltr'>ΙΙΙ,</span> <span class='ocrx_word' id='word_1_408' title='bbox 1227 3359 1255 3420; x_wconf 82' lang='grc'>6,</span> <span class='ocrx_word' id='word_1_409' title='bbox 1282 3369 1307 3407; x_wconf 84' lang='lat'>1:</span> 
     </span>
     <span class='ocr_line' id='line_1_60' title="bbox 746 3425 1309 3492; baseline 0 -14"><span class='ocrx_word' id='word_1_410' title='bbox 746 3425 857 3479; x_wconf 81' lang='lat' dir='ltr'>Delicta</span> <span class='ocrx_word' id='word_1_411' title='bbox 894 3428 1029 3481; x_wconf 81' lang='lat' dir='ltr'>maiorum</span> <span class='ocrx_word' id='word_1_412' title='bbox 1057 3425 1210 3491; x_wconf 77' lang='lat' dir='ltr'>tmpreritus</span> <span class='ocrx_word' id='word_1_413' title='bbox 1240 3425 1309 3492; x_wconf 81' lang='lat' dir='ltr'>tues,</span> 
     </span>
     <span class='ocr_line' id='line_1_61' title="bbox 746 3496 878 3552; baseline 0.005 -1"><span class='ocrx_word' id='word_1_414' title='bbox 746 3496 878 3552; x_wconf 76' lang='lat' dir='ltr'>Romane.</span> 
     </span>
    </p>

    <p class='ocr_par' dir='ltr' id='par_1_10' title="bbox 744 3567 1355 4490">
     <span class='ocr_line' id='line_1_62' title="bbox 782 3567 1309 3636; baseline 0 -16"><span class='ocrx_word' id='word_1_415' title='bbox 782 3573 824 3622; x_wconf 78' lang='lat'>23,</span> <span class='ocrx_word' id='word_1_416' title='bbox 846 3568 868 3621; x_wconf 92' lang='lat' dir='ltr'><em>O</em></span> <span class='ocrx_word' id='word_1_417' title='bbox 887 3569 985 3622; x_wconf 79' lang='lat' dir='ltr'>miram</span> <span class='ocrx_word' id='word_1_418' title='bbox 999 3568 1162 3636; x_wconf 79' lang='lat' dir='ltr'>aequitatem</span> <span class='ocrx_word' id='word_1_419' title='bbox 1180 3567 1309 3621; x_wconf 77' lang='grc' dir='ltr'><strong><em>ἁτοσνιολ</em></strong></span> 
     </span>
     <span class='ocr_line' id='line_1_63' title="bbox 745 3636 1308 3693; baseline 0.002 -3"><span class='ocrx_word' id='word_1_420' title='bbox 745 3636 803 3691; x_wconf 83' lang='lat' dir='ltr'>Aus</span> <span class='ocrx_word' id='word_1_421' title='bbox 818 3638 966 3691; x_wconf 76' lang='lat' dir='ltr'>Plutarcho</span> <span class='ocrx_word' id='word_1_422' title='bbox 983 3637 1090 3693; x_wconf 86' lang='lat' dir='ltr'>Schrist</span> <span class='ocrx_word' id='word_1_423' title='bbox 1103 3637 1137 3690; x_wconf 91' lang='lat' dir='ltr'>de</span> <span class='ocrx_word' id='word_1_424' title='bbox 1153 3653 1206 3691; x_wconf 88' lang='lat' dir='ltr'>ser.</span> <span class='ocrx_word' id='word_1_425' title='bbox 1232 3654 1308 3691; x_wconf 90' lang='lat' dir='ltr'>num.</span> 
     </span>
     <span class='ocr_line' id='line_1_64' title="bbox 745 3708 1308 3779; baseline -0.002 -17"><span class='ocrx_word' id='word_1_426' title='bbox 745 3708 820 3764; x_wconf 91' lang='lat' dir='ltr'>vind.</span> <span class='ocrx_word' id='word_1_427' title='bbox 845 3728 872 3779; x_wconf 90' lang='lat' dir='ltr'>p.</span> <span class='ocrx_word' id='word_1_428' title='bbox 896 3716 929 3765; x_wconf 84' lang='lat'>56</span> <span class='ocrx_word' id='word_1_429' title='bbox 951 3709 998 3779; x_wconf 86' lang='lat' dir='ltr'>flg.</span> <span class='ocrx_word' id='word_1_430' title='bbox 1024 3710 1068 3764; x_wconf 84' lang='lat' dir='ltr'>ed.</span> <span class='ocrx_word' id='word_1_431' title='bbox 1091 3708 1238 3776; x_wconf 85' lang='lat' dir='ltr'>Wyttenb.</span> <span class='ocrx_word' id='word_1_432' title='bbox 1266 3724 1308 3761; x_wconf 87' lang='lat' dir='ltr'>er·</span> 
     </span>
     <span class='ocr_line' id='line_1_65' title="bbox 744 3778 1309 3848; baseline -0.004 -15"><span class='ocrx_word' id='word_1_433' title='bbox 744 3780 856 3833; x_wconf 87' lang='lat' dir='ltr'>kennen</span> <span class='ocrx_word' id='word_1_434' title='bbox 870 3780 928 3848; x_wconf 90' lang='lat' dir='ltr'>wir,</span> <span class='ocrx_word' id='word_1_435' title='bbox 943 3780 997 3835; x_wconf 88' lang='lat' dir='ltr'>wie</span> <span class='ocrx_word' id='word_1_436' title='bbox 1012 3781 1058 3834; x_wconf 88' lang='lat' dir='ltr'>die</span> <span class='ocrx_word' id='word_1_437' title='bbox 1074 3778 1186 3835; x_wconf 84' lang='lat' dir='ltr'>Stoiker</span> <span class='ocrx_word' id='word_1_438' title='bbox 1201 3778 1309 3832; x_wconf 84' lang='lat' dir='ltr'>diesem</span> 
     </span>
     <span class='ocr_line' id='line_1_66' title="bbox 747 3850 1309 3922; baseline 0 -19"><span class='ocrx_word' id='word_1_439' title='bbox 747 3850 888 3905; x_wconf 85' lang='lat' dir='ltr'>Einwurse</span> <span class='ocrx_word' id='word_1_440' title='bbox 913 3853 1100 3922; x_wconf 85' lang='lat' dir='ltr'>begegneten.</span> <span class='ocrx_word' id='word_1_441' title='bbox 1138 3850 1195 3904; x_wconf 85' lang='lat' dir='ltr'>-Sie</span> <span class='ocrx_word' id='word_1_442' title='bbox 1222 3850 1309 3904; x_wconf 89' lang='lat' dir='ltr'>seheu</span> 
     </span>
     <span class='ocr_line' id='line_1_67' title="bbox 748 3921 1309 3991; baseline 0 -17"><span class='ocrx_word' id='word_1_443' title='bbox 748 3923 803 3976; x_wconf 89' lang='lat' dir='ltr'>den</span> <span class='ocrx_word' id='word_1_444' title='bbox 835 3922 916 3976; x_wconf 84' lang='lat' dir='ltr'>Staat</span> <span class='ocrx_word' id='word_1_445' title='bbox 947 3939 983 3977; x_wconf 90' lang='lat' dir='ltr'>an</span> <span class='ocrx_word' id='word_1_446' title='bbox 1016 3924 1058 3977; x_wconf 90' lang='lat' dir='ltr'>als</span> <span class='ocrx_word' id='word_1_447' title='bbox 1091 3921 1153 3976; x_wconf 89' lang='lat' dir='ltr'>eine</span> <span class='ocrx_word' id='word_1_448' title='bbox 1190 3923 1268 3991; x_wconf 77' lang='grc' dir='ltr'><em>πρᾶγ</em></span> <span class='ocrx_word' id='word_1_449' title='bbox 1290 3941 1309 3974; x_wconf 86' lang='grc' dir='ltr'><strong><em>α</em></strong></span> 
     </span>
     <span class='ocr_line' id='line_1_68' title="bbox 748 3942 1309 4065; baseline -0.005 -18"><span class='ocrx_word' id='word_1_450' title='bbox 748 3991 864 4063; x_wconf 66' lang='grc' dir='ltr'><strong><em>συνεχὲς</em></strong></span> <span class='ocrx_word' id='word_1_451' title='bbox 899 3989 992 4061; x_wconf 70' lang='grc' dir='ltr'><strong><em>ὥσπερ</em></strong></span> <span class='ocrx_word' id='word_1_452' title='bbox 1031 3995 1114 4065; x_wconf 80' lang='grc' dir='ltr'><strong><em>ζῷον,</em></strong></span> <span class='ocrx_word' id='word_1_453' title='bbox 1142 3992 1219 4046; x_wconf 82' lang='lat' dir='ltr'>‘und</span> <span class='ocrx_word' id='word_1_454' title='bbox 1263 3942 1309 4045; x_wconf 85' lang='lat' dir='ltr'>die</span> 
     </span>
     <span class='ocr_line' id='line_1_69' title="bbox 747 4062 1310 4120; baseline -0.007 -1"><span class='ocrx_word' id='word_1_455' title='bbox 747 4063 937 4119; x_wconf 88' lang='lat' dir='ltr'>menschliche</span> <span class='ocrx_word' id='word_1_456' title='bbox 972 4063 1163 4120; x_wconf 82' lang='lat' dir='ltr'>Gesellschaft</span> <span class='ocrx_word' id='word_1_457' title='bbox 1193 4063 1237 4117; x_wconf 86' lang='lat' dir='ltr'>als</span> <span class='ocrx_word' id='word_1_458' title='bbox 1264 4062 1310 4116; x_wconf 88' lang='lat' dir='ltr'>eiu</span> 
     </span>
     <span class='ocr_line' id='line_1_70' title="bbox 747 4132 1310 4206; baseline -0.004 -17"><span class='ocrx_word' id='word_1_459' title='bbox 747 4132 892 4190; x_wconf 75' lang='grc' dir='ltr'><strong><em>πολιτικὸν</em></strong></span> <span class='ocrx_word' id='word_1_460' title='bbox 907 4133 1041 4206; x_wconf 82' lang='grc' dir='ltr'><strong><em>σύστημα,</em></strong></span> <span class='ocrx_word' id='word_1_461' title='bbox 1061 4136 1092 4190; x_wconf 92' lang='lat' dir='ltr'>in</span> <span class='ocrx_word' id='word_1_462' title='bbox 1106 4135 1245 4190; x_wconf 77' lang='lat' dir='ltr'>v&#39;velchem</span> <span class='ocrx_word' id='word_1_463' title='bbox 1260 4134 1310 4188; x_wconf 88' lang='lat' dir='ltr'>der</span> 
     </span>
     <span class='ocr_line' id='line_1_71' title="bbox 748 4205 1355 4291; baseline -0.003 -31"><span class='ocrx_word' id='word_1_464' title='bbox 748 4206 872 4261; x_wconf 84' lang='lat' dir='ltr'>einzelne</span> <span class='ocrx_word' id='word_1_465' title='bbox 909 4207 955 4261; x_wconf 88' lang='lat' dir='ltr'>ein</span> <span class='ocrx_word' id='word_1_466' title='bbox 991 4207 1075 4281; x_wconf 73' lang='lat' dir='ltr'>(tlted</span> <span class='ocrx_word' id='word_1_467' title='bbox 1112 4208 1163 4261; x_wconf 90' lang='lat' dir='ltr'>des</span> <span class='ocrx_word' id='word_1_468' title='bbox 1195 4205 1311 4260; x_wconf 82' lang='lat' dir='ltr'>Ganzen</span> <span class='ocrx_word' id='word_1_469' title='bbox 1348 4264 1355 4291; x_wconf 58' lang='lat'>,</span> 
     </span>
     <span class='ocr_line' id='line_1_72' title="bbox 747 4277 1313 4333; baseline -0.004 -1"><span class='ocrx_word' id='word_1_470' title='bbox 747 4277 846 4332; x_wconf 89' lang='lat' dir='ltr'>bildet.</span> <span class='ocrx_word' id='word_1_471' title='bbox 905 4278 968 4333; x_wconf 90' lang='lat' dir='ltr'>Wie</span> <span class='ocrx_word' id='word_1_472' title='bbox 1004 4278 1096 4333; x_wconf 91' lang='lat' dir='ltr'>dieser</span> <span class='ocrx_word' id='word_1_473' title='bbox 1131 4295 1190 4332; x_wconf 91' lang='lat' dir='ltr'>nun</span> <span class='ocrx_word' id='word_1_474' title='bbox 1226 4278 1313 4331; x_wconf 78' lang='lat' dir='ltr'>nebat</span> 
     </span>
     <span class='ocr_line' id='line_1_73' title="bbox 748 4347 1335 4404; baseline -0.002 -3"><span class='ocrx_word' id='word_1_475' title='bbox 748 4349 846 4402; x_wconf 86' lang='lat' dir='ltr'>seinen</span> <span class='ocrx_word' id='word_1_476' title='bbox 859 4348 1073 4404; x_wconf 87' lang='lat' dir='ltr'>Naohkommeu</span> <span class='ocrx_word' id='word_1_477' title='bbox 1087 4347 1183 4403; x_wconf 87' lang='lat' dir='ltr'>Anteil</span> <span class='ocrx_word' id='word_1_478' title='bbox 1199 4365 1236 4402; x_wconf 88' lang='lat' dir='ltr'>an</span> <span class='ocrx_word' id='word_1_479' title='bbox 1246 4348 1312 4402; x_wconf 89' lang='lat' dir='ltr'>dem</span> <span class='ocrx_word' id='word_1_480' title='bbox 1331 4348 1335 4353; x_wconf 82' lang='lat'>&#39;</span> 
     </span>
     <span class='ocr_line' id='line_1_74' title="bbox 748 4418 1311 4490; baseline -0.004 -16"><span class='ocrx_word' id='word_1_481' title='bbox 748 4419 841 4474; x_wconf 82' lang='lat' dir='ltr'>Guten</span> <span class='ocrx_word' id='word_1_482' title='bbox 855 4421 917 4490; x_wconf 87' lang='lat' dir='ltr'>hat,</span> <span class='ocrx_word' id='word_1_483' title='bbox 929 4421 1030 4476; x_wconf 84' lang='lat' dir='ltr'>dassen</span> <span class='ocrx_word' id='word_1_484' title='bbox 1045 4420 1107 4475; x_wconf 87' lang='lat' dir='ltr'>sich</span> <span class='ocrx_word' id='word_1_485' title='bbox 1121 4419 1169 4475; x_wconf 84' lang='lat' dir='ltr'>die</span> <span class='ocrx_word' id='word_1_486' title='bbox 1179 4418 1311 4476; x_wconf 80' lang='lat' dir='ltr'>Gesamt-</span> 
     </span>
    </p>
   </div>
   <div class='ocr_carea' id='block_1_5' title="bbox 0 0 1408 4800">
    <p class='ocr_par' dir='ltr' id='par_1_11' title="bbox 0 0 1408 4800">
     <span class='ocr_line' id='line_1_75' title="bbox 0 0 1408 4800; baseline 0 0"><span class='ocrx_word' id='word_1_487' title='bbox 0 0 1408 4800; x_wconf 95' lang='lat' dir='ltr'> </span> 
     </span>
    </p>
   </div>
  </div>
 </body>
</html>
