2790 4800
166 243 230 307 108
547 237 596 292 Ds
614 237 767 292 NATURA
785 235 951 292 DEORUM.

166 401 380 486 soliditatem,
403 400 545 465 animam
564 401 702 486 denique
720 401 812 466 illam
831 400 1033 486 spirabilem,
1053 397 1082 463 si
1101 397 1174 482 quis
1194 401 1342 482 quaerat,

101 563 105 569 .
165 491 249 555 unde
272 490 463 574 habeamus,
486 495 634 575 apparet,
658 491 743 575 quod
763 491 851 555 aliud
870 513 889 554 a
907 493 996 554 terra
1015 486 1228 572 sumpsimus,
1252 486 1341 551 aliud

22 592 70 675 'w'
165 579 206 644 ab
229 601 356 663 umore,
380 579 467 643 aliud
490 580 530 642 ab
554 579 638 665 igni,
662 579 749 644 aliud
768 579 809 644 ab
829 583 902 643 a‘e‘re
921 599 972 662 ec,
996 599 1092 662 quem
1112 574 1233 660 spiritu
1251 575 1339 641 duci·

127 669 247 733 lmus.
297 667 383 731 Illud
415 672 538 751 autem,
570 668 657 752 quod
684 668 787 732 vincit
813 667 894 732 haec
923 666 1045 748 omnia,
1077 665 1240 730 rationem
1267 664 1339 729 dico

166 762 212 841 et,
232 757 260 822 si
277 757 386 840 placet
403 757 552 841 pluribus
571 756 693 841 verbis,
712 761 868 842 mentem,
888 755 1075 839 consilium,
1094 753 1340 840 cogitationem,
1357 771 1371 814 s

165 845 385 931 prudentiam,
422 845 479 909 ubi
514 845 720 911 invenimus?
761 845 845 910 unde
878 842 1093 910 sustulimus?
1145 841 1200 907 An
1233 846 1341 908 cetera

165 934 305 998 mundus
336 932 472 999 habebit
505 935 628 1019 omnia,
659 934 722 999 hoc
750 957 864 1020 unum,
897 933 984 1018 quod
1011 930 1145 1016 plurimi
1178 935 1242 1017 est,
1273 953 1341 996 non

164 1022 322 1087 habebit?
358 1022 462 1107 Atqui
486 1028 573 1087 certe
595 1023 679 1087 nihil
703 1023 848 1088 omnium
871 1044 980 1087 rerum
1003 1021 1119 1086 melius
1139 1023 1190 1085 est
1209 1020 1342 1105 mundo,

164 1111 248 1175 nihil
275 1112 519 1196 praestabilius,
546 1112 631 1177 nihil
657 1112 839 1196 pulchrius,
867 1133 927 1176 nec
955 1111 1062 1175 solum
1083 1108 1168 1173 nihil
1192 1113 1256 1193 est,
1284 1109 1341 1174 sed

164 1223 206 1264 ne
239 1200 378 1286 cogitari
410 1201 541 1285 quidem
572 1201 746 1285 quicquam
773 1201 889 1265 melius
917 1203 1037 1284 potest.
1082 1198 1128 1263 Et
1156 1197 1185 1263 si
1212 1197 1341 1263 ratione
1360 1216 1385 1257 11

167 1293 199 1354 et
229 1289 390 1373 sapientia
418 1288 502 1354 nihil
532 1293 583 1354 est
609 1291 740 1375 melius,
768 1312 900 1355 necesse
928 1292 979 1353 est
1001 1287 1082 1353 haec
1104 1287 1211 1352 inesse
1235 1287 1271 1350 in
1294 1309 1342 1372 ec,

113 1394 146 1442 19
166 1378 252 1464 quod
285 1379 447 1463 optimum
479 1401 549 1443 esse
582 1379 796 1444 concedimus.
852 1377 936 1454 Quid
968 1375 1067 1442 vero?
1105 1379 1200 1440 tanta
1231 1397 1343 1440 rerum

167 1467 387 1552 consentiens,
416 1468 621 1553 conspirans,
645 1467 835 1532 continuata
858 1466 1011 1554 cognatio
1035 1487 1132 1550 quem
1154 1486 1223 1529 non
1246 1468 1344 1551 coget

167 1578 217 1641 ea,
241 1578 323 1641 quae
347 1555 500 1620 dicuntur
523 1579 542 1620 a
565 1579 630 1640 me,
654 1556 888 1641 comprobare?
925 1555 1084 1620 Possetne
1106 1575 1172 1618 uno
1193 1558 1343 1638 tempore

165 1645 294 1729 florere,
327 1644 402 1708 dein
430 1645 576 1710 vicissim
604 1644 737 1710 horrere
767 1644 877 1710 terra?
914 1648 971 1709 aut
998 1647 1050 1708 tot
1079 1642 1176 1707 rebus
1199 1643 1282 1727 ipsis
1308 1665 1342 1707 se
1361 1660 1386 1702 rs

165 1733 417 1797 immutantibus
446 1734 525 1798 solis
553 1721 702 1798 accessirs
726 1734 951 1818 discessusque
975 1731 1128 1797 solstitiis
1151 1731 1344 1816 brumisque

85 1835 89 1849 “
167 1821 343 1908 cognosci?
384 1827 441 1887 aut
473 1827 583 1887 aestus
615 1822 774 1887 maritimi
804 1822 1029 1906 fretorumque
1061 1820 1234 1906 angustiae
1266 1825 1344 1886 ortu

167 1914 223 1976 aut
247 1911 340 1975 obitu
363 1912 459 1975 lunae
483 1911 702 1976 commoveri?
732 1915 789 1976 aut
812 1934 877 1976 una
899 1911 1002 1976 totius
1027 1909 1108 1975 caeli
1131 1909 1343 1975 conversione

167 2021 280 2064 cursus
305 2003 469 2065 astrorum
492 2000 637 2085 dispares
661 2000 868 2081 conservari?
913 1998 1004 2064 Haec
1026 1998 1075 2063 ita
1096 1997 1168 2062 fieri
1189 1997 1343 2062 omnibus

166 2089 253 2153 inter
280 2111 315 2154 se
343 2089 589 2154 concinentibus
617 2089 730 2152 mundi
756 2088 906 2173 partibus
934 2086 1082 2172 profecto
1107 2108 1175 2151 non
1196 2091 1344 2172 possent,
1361 2105 1388 2146 11

112 2177 232 2242 renisi
255 2200 293 2242 ea
315 2200 380 2243 uno
405 2178 514 2243 divino
539 2182 572 2243 et
593 2177 783 2244 continuato
803 2177 922 2261 spiritu
941 2176 1195 2242 continerentur.
1232 2174 1344 2260 Atque

167 2266 248 2331 haec
271 2288 345 2330 cum
368 2267 501 2332 uberius
525 2268 734 2352 disputantur
758 2270 791 2331 et
812 2264 931 2351 fusius,
953 2270 992 2330 ut
1009 2264 1091 2329 mihi
1111 2269 1162 2328 est
1179 2264 1214 2329 in
1233 2265 1344 2330 animo

205 2500 229 2548 7.
245 2494 365 2549 muudus
378 2494 487 2548 babebit
500 2489 597 2548 ‘sollte
611 2493 726 2561 haben’‚
780 2492 834 2549 mit
860 2510 983 2549 accessus
1009 2495 1192 2562 discessusque
1219 2508 1253 2545 au
1281 2507 1344 2546 ver·

168 2564 301 2618 wahrend
317 2564 368 2618 der
380 2563 511 2619 Lateiner
526 2565 565 2618 im
579 2581 725 2633 argumen-
780 2565 895 2620 bindsn.

168 2637 229 2689 tum
247 2651 262 2688 e
278 2634 418 2689 contrario
433 2638 502 2689 stets
517 2636 572 2689 den
584 2635 728 2690 Indikativ
819 2643 859 2691 17.
870 2642 961 2691 aestus
969 2636 1111 2691 maritimi.
1130 2633 1172 2689 De
1182 2633 1239 2690 div.
1249 2633 1285 2703 H,
1296 2641 1343 2689 83:

168 2704 328 2759 Praesentis
355 2706 422 2760 oder
439 2706 537 2760 Futuri
562 2707 726 2776 gebraucht.
781 2724 897 2777 quorum
922 2723 1045 2762 accessus
1069 2713 1095 2763 et
1115 2721 1237 2761 recessus
1260 2706 1345 2761 lanae

168 2777 462 2846 Vgl.11‚ss;111‚4s.
781 2785 856 2834 matu
873 2780 1071 2850 puberuautur.
1109 2777 1172 2831 Von
1191 2777 1248 2831 den
1257 2777 1345 2831 Alton

206 2853 247 2902 13.
281 2850 449 2903 consenticus
481 2876 515 2888 -
548 2850 673 2919 copuatio
700 2875 728 2896 =
781 2849 861 2904 hatte
892 2849 1046 2904 besonders
1073 2847 1241 2902 Posidonius
1273 2847 1345 2902 uber

169 2915 728 3062 slisstastatuta}
781 2920 1077 3060 eruisse
1094 2917 1344 3060 assam

169 3062 240 3116 aller
272 3061 350 3116 Teile
388 3063 438 3116 der
467 3062 546 3116 Welt
576 3063 635 3116 und
667 3062 727 3116 ihre
782 3063 946 3133 angestellt.

172 3133 441 3203 Wechselwirkung.
497 3133 569 3188 Dem
616 3132 728 3187 Stoiker
816 3137 949 3202 fretorum
989 3133 1141 3205 aupustiae.
1204 3131 1257 3187 Die
1295 3131 1343 3186 Er-

169 3203 207 3257 ist
223 3204 358 3259 dieWelt
372 3204 418 3259 ein
432 3203 728 3274 organischesGanze‚
782 3204 939 3275 scheinung
963 3205 1013 3259 der
1038 3204 1117 3258 Ebbs
1139 3204 1198 3257 und
1216 3203 1285 3258 Flut
1307 3202 1345 3256 ist

170 3274 216 3327 ein
244 3276 324 3339 ζῶον.
369 3275 464 3329 Durch
492 3276 538 3329 die
566 3275 729 3330 mehrt‘ache
782 3276 822 3329 im
853 3276 1025 3330 Mittelmeer
1060 3274 1281 3345 hauptsachlich
1315 3273 1345 3328 in

169 3344 393 3415 Wiederholung
421 3362 476 3399 von
504 3363 554 3401 som
582 3347 652 3399 wird
679 3347 729 3400 der
782 3347 839 3401 den
858 3346 971 3401 Sunden
989 3347 1047 3401 und
1064 3347 1236 3416 Maerengen
1253 3345 1343 3400 wahr-

169 3414 276 3483 Begriff
303 3416 354 3469 der
382 3416 729 3487 Zusammengehiirigkeit
782 3419 928 3473 nehmbar.

170 3487 332 3555 gasteigert.
369 3486 433 3555 Vgl.
450 3488 496 3557 ΙΙΙ,
507 3493 549 3542 18.
820 3495 860 3544 18.
880 3507 940 3544 uua
958 3486 1044 3543 ‘auch
1061 3506 1114 3542 nur
1129 3486 1179 3544 bei
1192 3487 1272 3543 siner
1286 3486 1343 3543 sin·

208 3563 249 3612 14.
263 3575 320 3612 uuo
330 3565 446 3628 tempore
459 3590 493 3599 —
507 3560 627 3614 uicissim
636 3585 663 3604 =
672 3561 728 3615 atio
782 3558 885 3630 sigsn'.

169 3635 286 3698 tempore
313 3661 347 3670 -
375 3632 439 3685 alio.
487 3630 572 3685 Sonat
602 3630 641 3684 ist
672 3648 728 3686 uuo
820 3639 861 3688 19.
882 3647 978 3687 sursus
995 3631 1135 3700 dispares,
1153 3628 1200 3684 die
1216 3630 1267 3684 der
1281 3629 1344 3684 Pla·

169 3706 285 3771 tempore
310 3701 490 3770 gewdhnlich
508 3729 536 3748 =
549 3719 604 3758 uuo
628 3703 728 3758 eodem-
782 3705 867 3758 neten
890 3702 946 3755 und
969 3700 1123 3756 Fixsterne.
1157 3689 1236 3756 Uber
1258 3701 1344 3756 deren

169 3788 220 3840 que
242 3780 366 3844 tempore.
404 3773 512 3843 Wegen
531 3774 651 3829 uicissim
669 3774 728 3843 rgl.
782 3774 902 3828 Bahnen
920 3791 942 3828 s.
957 3778 971 3838 ς
986 3779 1029 3828 49.

171 3842 206 3896 de
229 3843 284 3912 leg.
304 3845 337 3911 ll,
348 3850 396 3899 43:
424 3847 502 3900 modo
527 3847 663 3911 timentes,
687 3846 727 3900 ui·
818 3851 860 3899 21.
875 3845 1034 3900 sautiuuatc
1043 3844 1155 3913 spiritu,
1169 3843 1221 3897 das
1230 3844 1344 3912 πνεῦμα

171 3916 261 3970 cissim
280 3922 475 3972 cautemueutes
492 3917 658 3987 religionem.
783 3912 884 3985 νοερὸν
908 3915 957 3969 καὶ
979 3912 1129 3983 πυροειδὲς
1152 3914 1204 3967 der
1222 3913 1343 3981 Stoiker,

208 3992 249 4041 15.
264 3993 304 4041 tot
317 3989 397 4042 rebus
406 3990 510 4056 ipsisse
519 3988 729 4042 immutantibus
777 3987 904 4041 ‘welches
923 3985 1181 4054 ununterbrochen,
1201 3983 1344 4041 111111-

170 4058 233 4111 z.B.
253 4058 303 4111 der
321 4058 462 4127 Pflanzen,
478 4075 528 4112 aus
543 4059 629 4112 deren
648 4073 728 4126 orga-
783 4057 902 4112 heitlich
922 4056 968 4111 die
984 4056 1061 4111 Welt
1079 4055 1270 4127 durchdringt
1286 4054 1345 4110 und

170 4126 283 4182 nischer
312 4130 402 4200 (apsis)
431 4130 633 4198 Ver‘anderung
664 4144 730 4181 man
783 4128 957 4183 beherrscht.

171 4199 221 4252 auf
246 4198 308 4253 eine
336 4199 456 4269 gredere
485 4201 552 4254 oder
581 4198 730 4269 geringers
820 4206 862 4254 22.
876 4194 1161 4268 fusius‘infreiersm
1170 4196 1291 4269 Erguss',
1305 4196 1344 4251 im

171 4269 347 4341 Entfernung
377 4272 427 4326 der
459 4271 551 4325 Sonne
583 4268 730 4325 schliellen
785 4270 942 4340 Gcgensatz
960 4288 994 4324 zu
1013 4269 1078 4323 dem
1093 4271 1233 4325 mairam
1246 4270 1344 4325 aemi·

170 4339 255 4396 kann.
784 4349 882 4398 autum
904 4342 1015 4397 dicendi
1030 4357 1129 4412 persus,
1148 4340 1288 4395 walchem
1305 4338 1346 4394 im

208 4417 249 4468 16.
277 4414 400 4470 solstitiis
426 4415 582 4483 brumisque
608 4411 648 4468 ist
675 4429 730 4482 sug
784 4411 974 4482 allgemsinen
997 4412 1042 4466 die
1062 4410 1176 4466 Stoiksr
1198 4409 1344 4483 huldigsu,
