2790 4800
100 239 144 304 24
481 232 529 288 DE
549 232 704 288 NATURA
723 230 884 286 DEORUM.

101 399 201 464 etiam
240 402 273 463 et
314 397 454 463 societas
496 397 625 483 generis
657 395 793 462 humani
833 399 867 460 et
904 416 970 460 una
1003 393 1283 460 excellentissima

100 489 219 573 virtus,
248 487 391 571 iustitia,
422 487 567 552 tollatur.
615 484 698 550 Sunt
730 488 840 550 autem
869 484 926 548 alii
956 482 1159 569 philosophi,
1192 488 1227 549 et
1257 483 1282 548 ii

102 576 232 662 quidem
254 576 367 662 magni
386 579 484 660 atque
506 575 647 660 nobiles,
671 574 727 660 qui
751 575 885 639 deorum
904 576 1014 638 mente
1032 577 1131 659 atque
1150 573 1281 639 ratione

102 688 231 732 omnem
260 665 419 730 mundum
448 663 671 729 administrari
702 668 735 728 et
764 663 835 750 regi
865 666 1031 747 censeant,
1064 684 1172 747 neque
1202 684 1281 728 vero

100 756 135 820 id
158 756 278 840 solum,
302 754 357 819 sed
381 753 482 818 etiam
504 753 545 818 ab
568 753 673 818 isdem
694 752 866 818 hominum
888 751 976 817 vitae
999 751 1127 816 consuli
1150 755 1185 816 et
1204 772 1307 836 pro-e

101 844 217 930 videri,
239 866 316 908 nam
340 847 373 907 et
395 841 507 929 fruges
531 842 727 928 etreliqua,
756 864 838 926 quae
861 845 950 906 terra
979 841 1100 925 pariat,
1131 844 1166 906 et
1197 844 1280 905 tem·

101 937 246 1018 pestates
270 954 308 997 ac
331 936 516 1016 temporum
539 931 715 997 varietates
743 931 888 1015 caelique
916 929 1131 1014 mutationes,
1159 930 1280 1015 quibus

103 1021 224 1108 omnia,
248 1044 330 1107 quae
354 1025 441 1086 terra
469 1021 503 1107 gi
570 1025 597 1106 t,
625 1023 790 1085 maturata
811 1019 1005 1104 pubescant,
1028 1042 1048 1084 a
1070 1019 1121 1083 dis
1144 1018 1279 1084 immor·

103 1111 224 1176 talibus
248 1110 350 1175 tribui
374 1110 486 1196 generi
536 1131 655 1174 amano
674 1113 794 1194 putant
816 1109 998 1194 multaque,
1022 1129 1105 1192 quae
1129 1107 1281 1174 dicentur

102 1201 137 1264 in
159 1199 211 1265 his
235 1199 342 1284 libris,
366 1199 543 1286 colligunt,
567 1221 649 1283 quac
672 1198 752 1263 talia
783 1201 873 1283 sunt,
903 1201 941 1262 ut
972 1219 1010 1262 aa
1039 1196 1114 1282 ipsa
1143 1196 1192 1262 dii
1222 1197 1281 1262 im·
1297 1219 1319 1263 rc

103 1289 258 1354 mortales
278 1289 319 1354 ad
337 1311 433 1354 usum
451 1287 628 1373 hominurn·
643 1286 797 1352 fabricati
814 1308 918 1372 paene
938 1287 1117 1352 videantur.
1155 1283 1283 1352 Contra

104 1400 185 1463 quos
201 1375 392 1443 'Carneades
416 1376 464 1443 ita
487 1378 592 1442 multa
610 1377 777 1462 disseruit,
800 1380 838 1441 ut
861 1375 1019 1441 excitaret
1036 1374 1192 1440 homines
1215 1397 1282 1442 non

69 1467 255 1533 osocordes
286 1467 326 1530 ad
355 1466 424 1532 veri
453 1466 674 1553 investigandi
704 1465 925 1550 cupiditatem.
975 1464 1041 1530 Res
1065 1460 1160 1529 'enim
1190 1464 1283 1530 nulla

104 1560 167 1641 est,
191 1555 229 1620 de
254 1578 318 1640 qua
340 1559 434 1621 tanto
463 1577 560 1640 opere
586 1577 654 1621 non
676 1555 783 1620 solum
806 1553 946 1640 indocti,
970 1554 1027 1619 sed
1059 1553 1160 1618 etiam
1194 1552 1282 1619 docti

103 1645 312 1730 dissentiant,
341 1666 480 1730 quorum
510 1645 679 1729 opiniones
710 1666 783 1709 oum
814 1648 882 1709 tam
909 1644 1019 1709 variae
1048 1643 1116 1708 sint
1146 1647 1282 1728 tamque
1297 1663 1319 1707 a

103 1734 190 1799 inter
213 1756 247 1799 se
271 1733 480 1818 dissidentes,
503 1733 643 1798 alterum
670 1733 743 1799 fieri
770 1732 918 1818 profecto
945 1737 1071 1818 potest,
1101 1736 1140 1797 ut
1169 1754 1282 1798 earum

66 1822 210 1909 3nulla,
233 1824 374 1888 alterum
398 1826 485 1888 certe
507 1844 575 1887 non
597 1826 722 1909 potest,
748 1826 787 1887 ut
808 1823 883 1907 plus
914 1843 979 1887 una
1001 1844 1078 1887 vcra
1108 1821 1162 1888 sit.
1211 1820 1282 1899 Qua

105 1997 665 2066 nochsohlimmerist,diomenschlicha
719 1999 850 2054 disseruit
872 2015 906 2051 zu
928 1997 1097 2066 verbinden‚
1123 1995 1208 2053 nicht
1230 1996 1283 2051 mit

106 2068 318 2124 Gemeinschaft
335 2070 393 2124 und
414 2069 460 2124 die
482 2069 666 2140 Grundlagen
718 2070 813 2126 multa.
829 2067 1182 2138 DieselboWortstellnng
1195 2068 1281 2124 nach-

106 2140 266 2210 derselben,
278 2140 423 2196 dieTreue
432 2141 491 2196 und
500 2140 665 2210 Gereehtig-
718 2140 771 2196 her
785 2146 855 2207 §232
874 2141 915 2196 ita
928 2141 1018 2197 multa
1030 2145 1096 2196 seuit
1109 2140 1283 2197 inconmoda

105 2211 178 2279 keit,
208 2211 322 2266 werden
344 2212 476 2282 gtnzlich
497 2211 665 2268 vernichtet.
719 2213 752 2266 in
768 2213 867 2268 aita=
880 2213 968 2268 multa
985 2217 1051 2268 seuit
1064 2212 1238 2268 incommoda
1251 2212 1282 2266 in

106 2281 174 2334 Was
189 2279 287 2337 Cicero
304 2282 340 2336 de
362 2283 406 2338 off.
423 2283 441 2351 l,
458 2290 491 2337 20
512 2283 542 2337 in
559 2282 666 2339 diesem
719 2284 778 2339 cita
791 2284 840 2339 ita.
866 2282 903 2336 ad
922 2283 981 2338 Att.
995 2283 1041 2352 VI,
1055 2287 1079 2352 2,
1091 2288 1122 2338 8:
1140 2282 1280 2339 inclusum

107 2352 310 2407 Sinnavonder
321 2353 454 2422 fidesupd
468 2355 665 2424 iustitiasagt:
720 2359 844 2410 seraatum
864 2355 1019 2410 tabuerunt
1036 2354 1224 2411 &annun
1241 2355 1282 2409 ita

106 2441 162 2493 pua
176 2422 306 2494 (iustitia)
316 2425 429 2480 secutas
442 2425 582 2481 lominum
593 2428 666 2481 inter
720 2426 818 2481 multoe
836 2425 907 2493 dies,
928 2431 961 2481 ut
977 2426 1135 2481 interierit
1152 2424 1283 2481 manau

106 2511 134 2550 ae
156 2501 181 2550 et
203 2495 274 2551 uitae
296 2497 378 2564 quasi
400 2498 581 2552 communitae
603 2513 665 2554 aon-
719 2497 799 2564 fame.
827 2496 893 2550 Man
908 2497 1040 2552 erwartet
1057 2496 1157 2552 multoe
1169 2496 1283 2553 utana

107 2568 224 2634 tinetur,
251 2565 320 2620 mall
347 2583 412 2621 man
444 2566 598 2638 allerdings
629 2585 666 2622 an
721 2569 773 2622 etc.
787 2565 1283 2639 Verr.ll,8:mapiatratuumnostro·

107 2654 223 2691 unserer
243 2636 331 2693 Stella
348 2638 429 2692 mehr
448 2640 567 2695 erralan.
721 2654 785 2694 rum
794 2640 919 2694 iniuriae
931 2640 973 2695 ita
987 2640 1135 2695 mutorum
1148 2640 1281 2707 tulerunt,

146 2715 238 2763 tama
252 2709 581 2766 eaeelluatraainaairtus.
600 2711 665 2781 Vgl.
721 2716 752 2765 ut
774 2727 917 2779 nunquan
939 2711 978 2766 ad
1005 2727 1085 2767 aran
1107 2711 1197 2783 lepum
1219 2726 1281 2766 aon·

109 2779 143 2834 de
160 2778 204 2834 off.
214 2779 261 2848 Ill,
273 2785 322 2835 28:
340 2781 407 2836 laea
420 2782 492 2836 enim
505 2799 565 2837 nra
578 2784 667 2839 natue
719 2782 852 2851 superent.
869 2781 935 2836 Tac.
950 2780 1042 2837 Germ.
1052 2787 1093 2850 16,
1102 2796 1130 2838 or
1148 2782 1283 2851 pauerlan

107 2852 229 2907 omnium
248 2856 286 2906 eet
309 2852 422 2908 domina
445 2858 470 2908 et
492 2855 589 2924 rapina
610 2855 665 2910 air·
721 2853 781 2908 loca
802 2853 964 2923 dalipentine
994 2854 1112 2910 allinunt
1141 2859 1218 2909 terra
1241 2853 1282 2908 tta

107 2928 205 2979 tutum.
717 2939 794 2993 pura
813 2940 847 2979 ac
860 2925 1029 2994 splendente,
1047 2930 1080 2980 ut
1088 2924 1232 2994 piatonem
1248 2938 1282 2978 aa

144 2999 168 3048 2.
196 2995 249 3049 alii
271 2995 440 3065 philosophi,
469 2994 515 3050 die
545 2994 666 3051 Stoiker.
721 2995 886 3050 lineamenta
917 2997 1037 3051 colorum
1068 2996 1205 3062 imitetur,
1238 3008 1281 3048 wo

108 3064 205 3121 Cicero
224 3068 313 3120 nennt
331 3065 372 3121 sie
386 3068 489 3122 nobiles
502 3066 542 3121 im
557 3067 667 3138 Gegan-
722 3065 768 3121 die
794 3066 990 3136 Herauageber
1018 3068 1060 3122 ita
1085 3066 1159 3121 ohne
1185 3062 1281 3121 Gmnd

109 3139 167 3191 sata
180 3155 214 3191 zu
224 3137 279 3191 den
290 3137 478 3230 Epikureern,
498 3138 553 3193 den
563 3141 668 3211 plebeis
722 3137 875 3193 umstellen
892 3136 1017 3193 wollten.

104 3208 274 3278 philosophia
293 3208 386 3277 (luae.
401 3210 423 3278 1,
434 3212 487 3279 55).
760 3215 800 3263 14.
825 3209 931 3264 indocti
955 3239 989 3249 -
1015 3209 1102 3277 docti,
1129 3207 1213 3263 datur
1233 3212 1281 3263 442

148 3285 170 3333 7.
213 3285 364 3348 temporum
408 3283 566 3349 carinatas,
619 3281 669 3335 der
723 3280 846 3335 indoctos
864 3310 898 3320 -
913 3280 1096 3351 philosophae.

109 3348 244 3402 Weohsel
253 3349 303 3403 der
312 3348 518 3421 Jahrcsaeiten,
534 3352 668 3407 wahrend
761 3356 802 3405 16.
813 3351 938 3420 profecw
952 3350 991 3407 ist
1003 3367 1140 3421 synonym
1153 3351 1208 3406 mit
1219 3350 1284 3405 dem

110 3419 199 3472 durch
226 3420 296 3476 caeli
326 3423 491 3477 mutationes
522 3422 568 3476 die
600 3423 669 3477 Ver·
722 3421 877 3492 folgenden
904 3428 985 3490 certe,
1014 3438 1045 3477 aa
1070 3421 1192 3492 Jadoch,
1224 3419 1283 3476 dall

109 3490 292 3561 tanderungcn
306 3508 352 3546 am
365 3491 489 3547 Himmel
502 3492 669 3549 bezeichnet
717 3496 841 3564 profecto
878 3494 934 3548 dan
965 3493 1177 3562 schwtcheren,
1215 3498 1287 3551 aru

109 3561 231 3631 werden,
245 3561 353 3617 welche
364 3562 453 3617 durch
467 3563 512 3618 die
522 3563 668 3636 ttgliehcn
724 3565 779 3619 den
814 3564 959 3619 atttrlreren
992 3564 1069 3619 (irad
1107 3563 1286 3635 snbjektivcr

109 3632 308 3704 Bcwegungen
336 3633 387 3691 der
414 3634 544 3690 Gestirne
573 3653 668 3692 verut-
723 3631 1285 3692 Gowillheitbezeichnet:‘eicherlich-

110 3705 191 3760 saeht
210 3704 330 3761 werden.
724 3703 926 3762 entechieden'.
969 3706 1050 3763 Tusa.
1073 3707 1093 3776 l,
1111 3713 1140 3765 2:
1166 3723 1210 3763 reo
1237 3706 1285 3764 do·

146 3783 170 3832 8.
185 3783 326 3832 maturata
337 3770 499 3846 puteacum,
518 3777 669 3849 einhyste·
722 3780 848 3835 nesticae
870 3795 920 3834 naa
939 3780 1093 3848 profecto
1117 3779 1215 3835 mellus
1240 3785 1285 3835 tu·

110 3865 162 3903 ron
170 3851 311 3919 proteron,
323 3847 404 3901 dafflr
414 3847 670 3919 11,oo:pabeacant
723 3867 814 3919 emur,
844 3866 901 3905 ren
933 3867 995 3906 aero
1022 3851 1165 3920 publicam
1195 3850 1287 3907 nostri

110 3921 348 3990 maturitatemque
366 3920 562 3989 adsequantur.
723 3923 840 3977 naiores
863 3927 949 3977 certe
974 3922 1132 3977 melioribus
1152 3926 1286 3993 tempera

148 3997 189 4048 10.
209 3993 240 4046 in
257 3993 300 4046 lais
318 3992 412 4047 libris:
425 3991 460 4060 ΙΙ,
473 3996 524 4047 154
533 3992 582 4062 fig.
723 3999 820 4049 ouunt
839 3994 951 4064 lapibus.

148 4068 189 4116 11.
207 4064 340 4131 fabricati
348 4079 446 4132 paene,
461 4062 507 4117 die
521 4062 670 4134 Metapher
761 4071 801 4119 17.
828 4064 889 4135 Qua
911 4065 1019 4134 quidem
1041 4065 1074 4120 in
1095 4080 1189 4121 eausa
1231 4064 1287 4121 Die

111 4132 149 4186 ist
167 4149 334 4200 genommen
353 4150 410 4188 von
428 4134 493 4189 dem
515 4133 669 4189 bildenden
723 4133 904 4205 Praposition
935 4137 967 4191 in
999 4153 1022 4191 c.
1048 4135 1143 4191 Ablat.
1170 4135 1288 4192 vertritt

111 4203 256 4284 litinstlen
281 4205 338 4274 agl.
357 4211 404 4260 20:
427 4207 561 4262 mundum
583 4223 670 4262 mann
722 4204 825 4289 nicht,
849 4207 941 4287 ⁸selten
984 4206 1031 4262 dio
1075 4206 1179 4290 suna·
1206 4204 1287 4263 cinea

105 4291 195 4401 llil?
209 4276 377 4415 illlata,
397 4364 418 4402 ι.
433 4347 505 4406 ιιι,
521 4354 590 4415 aa.
723 4278 928 4416 lltlttltl
942 4277 1310 4421 llllffllllklllll.

146 4419 187 4473 ita
212 4417 299 4473 multa
323 4420 459 4475 diseauit.
489 4420 538 4477 Ita
556 4418 595 4474 ist
616 4418 669 4476 mit
724 4435 836 4475 cansam
854 4426 1010 4476 manantes.
