2790 4800
159 249 200 314 72
544 243 593 298 DE
612 243 767 299 NATURA
784 243 947 300 DEORUM.

204 404 466 473 Constiteram
495 408 733 473 exorientem
758 409 947 474 Auroram
969 407 1073 474 forto
1096 410 1294 497 salutans,

248 495 339 561 Cum
362 497 494 562 subito
518 520 537 562 a
560 498 669 562 laeva
692 496 857 562 Roscius
882 498 1065 563 exoritur.
1319 511 1322 514 ⁴

202 585 300 651 Pace
322 586 417 650 mihi
440 586 573 671 liceat,
596 586 801 672 caelestes,
824 587 952 652 dicere
975 592 1119 673 vestra,

248 674 430 740 Mortalis
454 675 582 741 visust
604 675 807 760 pulchrior
830 698 913 741 esse
937 677 1014 741 deo.

158 799 244 865 Huic
272 801 332 865 deo
359 799 539 886 pulchrior3
569 804 604 865 at
629 805 713 886 crat,
741 800 839 866 sicuti
862 799 960 865 hodie
986 805 1049 885 est,
1076 801 1372 886 perversissimisa

159 889 272 954 oculis.
319 888 403 964 Quid
432 889 545 975 refert,
576 889 604 954 si
633 889 696 954 hoo
725 889 834 974 ipsum
864 890 987 954 salsum
1017 890 1066 954 illi
1097 895 1130 955 et
1159 896 1338 958 venustum

158 977 352 1043 videbatur?
397 977 507 1043 Redeo
532 979 572 1043 ad
595 979 683 1044 deos.

97 1031 141 1172 ii
248 1067 394 1153 Ecquos,
426 1067 455 1133 si
485 1090 552 1132 non
582 1071 653 1132 tam
685 1067 869 1153 strabones,
902 1072 937 1133 at
965 1069 1115 1152 paetulos
1146 1091 1217 1134 esse
1247 1070 1338 1135 arbi·

160 1156 307 1220 tramur?
340 1178 459 1241 ecquos
485 1179 625 1222 naevum
649 1156 791 1222 habere?
824 1178 943 1242 ecquos
966 1157 1060 1242 silos,
1086 1157 1219 1242 flaccos,
1245 1157 1338 1224 fron-

159 1249 268 1331 tones,
293 1245 474 1332 capitones,
498 1268 580 1332 quae
603 1251 681 1310 sunt
703 1246 739 1310 in
760 1245 879 1311 nobis?
909 1268 951 1311 an
974 1246 1083 1311 omnia
1106 1246 1280 1312 emendata
1302 1249 1340 1314 in
1359 1268 1385 1311 ro

159 1334 249 1399 illis?
293 1333 399 1400 Detur
428 1335 462 1399 id
491 1335 597 1421 vobis3
628 1357 708 1400 num
738 1334 838 1399 etiam
865 1356 931 1400 una
958 1339 1009 1400 est
1036 1335 1182 1400 omnium
1210 1335 1339 1402 facies?

158 1446 236 1489 nam
255 1424 283 1488 si
301 1424 425 1509 plures,
448 1424 546 1488 aliam
565 1446 635 1489 esse
654 1424 719 1489 alia
735 1423 957 1509 pulchriorem
974 1446 1107 1489 necesse
1126 1430 1185 1490 est.
1226 1424 1340 1512 Igitur

160 1512 278 1597 aliquis
307 1534 375 1576 non
403 1513 640 1596 pulcherrimus
671 1514 760 1578 deus.
810 1510 845 1578 Si
874 1536 941 1578 una
970 1514 1116 1578 omnium
1145 1513 1246 1579 facies
1278 1520 1339 1601 est,

160 1600 276 1665 florere
303 1601 339 1665 in
367 1602 455 1666 caelo
478 1600 689 1666 Academiam
716 1623 848 1667 necesse
876 1607 939 1688 est,
972 1602 1001 1667 si
1028 1602 1116 1666 enim
1141 1602 1225 1667 nihil
1248 1603 1340 1670 inter

161 1690 256 1754 deum
289 1694 322 1754 et
351 1690 447 1754 deum
477 1690 598 1776 differt,
629 1691 720 1756 nulla
750 1695 800 1756 est
830 1691 915 1775 apud
945 1691 1021 1756 deos
1053 1691 1212 1778 cognitio,
1243 1693 1339 1758 nulla
1358 1713 1382 1756 rs

108 1791 140 1841 81
159 1778 335 1863 perceptio.
387 1777 484 1863 Quid,
514 1779 543 1844 si
573 1780 686 1866 etiam,
709 1779 828 1865 Vellei,
857 1778 978 1845 falsum
1005 1780 1086 1846 illud
1113 1781 1247 1846 omnino
1277 1786 1338 1867 est,

159 1867 284 1932 nullam
307 1867 405 1932 aliam
428 1867 524 1933 nobis
548 1869 587 1933 de
610 1870 669 1934 deo
694 1869 915 1954 cogitantibus
939 1869 1080 1954 speciem
1102 1870 1168 1935 nisi
1189 1869 1337 1936 hominis

161 1957 351 2022 occurrere?
383 1961 536 2022 tamenne
562 1957 627 2023 ista
654 1961 723 2022 tam
751 1958 892 2023 absurda
918 1958 1093 2023 defendes?
1138 1958 1244 2024 Nobis
1268 1958 1337 2025 for·

160 2050 248 2111 tasse
278 2046 326 2111 sic
350 2047 504 2132 occurrit,
536 2052 574 2112 ut
596 2047 691 2132 dicia,
723 2047 874 2131 aparuis
898 2047 986 2112 enim
1008 2047 1134 2133 Iovem,
1165 2048 1338 2134 Iunonem,

160 2134 354 2221 Minervam,
377 2135 581 2221 Neptunum,
601 2136 796 2221 Volcanum,
815 2135 1003 2221 Apollinem
1025 2136 1233 2223 reliquosque
1258 2138 1337 2204 deos
1356 2159 1383 2200 ro

161 2246 199 2288 ea
228 2224 312 2290 facie
340 2225 491 2290 novimus
522 2248 587 2309 qua
615 2226 758 2310 pictores
788 2225 984 2310 fictoresque
1013 2226 1200 2312 voluerunt,
1227 2249 1338 2313 neque

198 2439 222 2489 1.
243 2434 369 2489 solutores
382 2460 409 2479 =
422 2450 562 2490 veneram
594 2435 625 2489 P.
636 2435 718 2490 Rosc.
811 2441 853 2490 12.
863 2436 1048 2505 pulchriorem
1061 2452 1165 2492 meceeee
1177 2442 1223 2492 eet.
1252 2434 1340 2493 Cotta

160 2505 223 2559 Am.
245 2510 292 2560 56:
319 2505 382 2560 deos
407 2505 559 2561 salutatum
588 2509 719 2563 emerim.
773 2504 874 2560 betont
910 2505 1043 2576 einseitig
1080 2508 1135 2563 den
1162 2506 1338 2564 Gradunter·

160 2575 720 2648 Ter.Phorm.IV,1‚81=epodeospenotee
774 2577 890 2646 schied,
925 2577 1059 2632 whhrend
1085 2595 1151 2633 man
1181 2578 1243 2634 sich
1270 2580 1338 2635 sehr

162 2648 227 2702 hiere
245 2648 396 2703 salutatum
414 2649 523 2704 doraum
541 2649 673 2706 devortm.
773 2649 849 2703 wohl
867 2647 1069 2704 verschiedene
1092 2649 1339 2720 Gottergestalten

197 2723 222 2771 2.
241 2736 259 2773 o
278 2719 363 2786 loeva,
390 2719 441 2773 auf
463 2718 556 2774 dieser
575 2719 651 2776 Seite
677 2737 718 2776 er·
773 2719 883 2774 denlren
902 2720 994 2788 kann,
1013 2737 1069 2775 von
1093 2721 1184 2775 denen
1208 2721 1278 2791 jede
1305 2721 1339 2777 in

161 2788 295 2844 sehienen
310 2791 384 2844 nach
398 2791 448 2846 der
457 2790 719 2862 Auguraldisciplin
772 2790 848 2846 ihrer
870 2793 923 2846 Art
947 2791 998 2846 das
1030 2792 1149 2846 hochste
1175 2793 1255 2848 Ideal
1286 2794 1339 2849 der

162 2859 208 2914 die
228 2860 493 2932 gldckbringenden
510 2862 639 2918 Zeichen.
679 2863 720 2925 De
776 2861 931 2917 Schhnheit
948 2863 1160 2933 reprhsentiert.

161 2931 217 2987 div.
228 2933 262 3000 ΙΙ,
274 2938 321 2988 82:
339 2934 388 2989 Ito
401 2935 481 2991 motio
493 2935 609 2990 sinestra
627 2936 719 2992 eidem
810 2934 904 3005 Ipe'tur
922 2950 958 2988 an
976 2934 1027 2988 dor
1046 2933 1139 3005 Spitzo
1159 2934 1209 2989 des
1228 2933 1337 3006 Satzes,

160 3004 719 3071 eorummettaroarleclemmmellora.
774 3003 828 3058 wie
846 3004 1026 3074 gewohnlich
1053 3005 1084 3060 in
1109 3006 1160 3060 der
1190 3007 1337 3062 conclusio

197 3082 221 3133 6.
240 3077 343 3132 salsum
361 3073 565 3133 ‘interessent’.
775 3075 824 3131 des
852 3075 1043 3145 Syllogismus.

197 3152 222 3202 8.
240 3150 380 3204 stratones
401 3180 435 3190 -
452 3151 587 3218 paetulos.
613 3147 719 3206 Comm.
811 3153 852 3203 14.
876 3151 970 3216 florere
997 3178 1031 3188 -
1058 3147 1246 3204 Academiam.
1292 3149 1339 3205 Da

162 3216 244 3285 Cruq.
272 3237 294 3272 z.
317 3219 384 3274 Hor.
408 3221 459 3275 sat.
484 3221 504 3289 Ι,
524 3228 548 3290 3,
564 3237 603 3275 44:
628 3223 720 3277 strato
775 3217 836 3273 sich
855 3218 901 3273 die
920 3217 1021 3273 Gotter
1048 3219 1228 3291 gegenseitig
1255 3219 1339 3276 nicht

161 3287 274 3356 dicitur,
287 3290 505 3358 quiescamus
515 3293 611 3360 oculis,
620 3299 721 3362 poclm
774 3306 808 3343 zu
835 3289 1053 3345 untersoheiden
1081 3291 1275 3358 vermochtem
1303 3309 1338 3348 so

161 3364 265 3426 autem,
291 3362 340 3428 qui
365 3367 403 3416 est
435 3363 522 3417 oculis
551 3363 647 3418 leuiter
675 3366 719 3419 de-
773 3361 889 3415 wlirden
908 3360 948 3414 sie
967 3362 997 3414 in
1020 3361 1070 3415 der
1087 3361 1163 3432 Lago
1189 3363 1240 3417 der
1259 3362 1336 3418 Neu·

162 3430 273 3484 oliuatia
313 3433 410 3500 culpae
448 3433 501 3488 lma
539 3440 619 3503 atque
652 3436 720 3491 illuc
774 3432 956 3487 akademiker
971 3431 1039 3500 sein,
1055 3433 1147 3487 denen
1155 3433 1230 3489 nach
1244 3433 1338 3490 ihrem

45 3533 47 3538 .
162 3501 281 3556 celeriter
298 3503 452 3558 volvamur.
774 3503 876 3572 eignen
916 3502 1086 3558 Gesttndnis
1134 3505 1184 3559 das
1224 3504 1337 3561 sichero

197 3569 491 3630 arbitramur·‘solleu
506 3574 559 3630 wir
577 3576 719 3645 glauben',
773 3574 886 3629 Wissen
918 3575 1032 3643 abgeht.
1074 3573 1159 3630 Cotta
1188 3576 1339 3632 libersieht

161 3643 199 3697 im
223 3643 421 3700 Lateinischen
444 3648 521 3701 steht
543 3647 720 3718 regelmallig
773 3645 822 3701 bei
841 3645 948 3700 seinem
971 3645 1085 3713 Schera,
1113 3645 1169 3700 dail
1195 3648 1337 3703 troiadem

164 3715 214 3769 der
237 3716 374 3785 Indikat.‚
403 3718 440 3772 da
458 3717 504 3772 die
523 3719 613 3790 Frage
638 3719 720 3775 nicht
774 3717 820 3772 die
839 3715 940 3771 Gotter
963 3718 1028 3771 sehr
1050 3718 1127 3772 wohl
1147 3718 1267 3774 anderes
1292 3735 1336 3775 er·

162 3785 244 3841 einen
263 3787 470 3844 zweifelhaften
485 3789 644 3845 Entsohlull
659 3793 718 3845 ent
773 3787 886 3843 konnen
904 3787 1038 3844 konnten.

160 3858 234 3925 halt,
261 3859 383 3914 sondern
407 3860 544 3915 vielmehr
568 3861 631 3915 eine
656 3865 718 3916 not·
812 3866 852 3915 16.
871 3861 898 3914 si
929 3861 1011 3915 etiam
1043 3860 1147 3928 solcum
1178 3861 1252 3918 ellud
1286 3868 1337 3930 eat,

160 3929 290 4000 wendige
309 3931 471 4001 Folgerung
489 3933 553 3986 dem
571 3933 720 3988 Ermessen
773 3948 839 3985 man
865 3931 946 3985 haue
965 3930 1102 3986 vielmehr
1126 3933 1272 4005 ornantem
1309 3935 1338 3989 ci

161 4001 210 4056 des
234 4002 362 4057 fremden
389 4002 495 4059 Urteils
516 4003 718 4059 anheimstellt.
773 4004 845 4059 illud
870 4002 953 4057 eliam
980 4004 1084 4070 falsum
1109 4009 1155 4060 est.
1192 4003 1337 4059 Ahnliche

159 4072 318 4141 Vgleae:
338 4076 719 4146 facimus,§91:pmtomue
772 4072 1039 4143 Ungenauiglreiten
1080 4074 1111 4128 in
1151 4074 1202 4128 der
1239 4074 1336 4131 Wort·

161 4144 218 4197 und
238 4144 356 4214 Seyffert
374 4165 396 4201 z.
411 4147 486 4202 Lael.
502 4152 517 4213 ς
532 4152 574 4202 24.
773 4146 898 4214 stellung
916 4162 937 4199 s.
960 4149 975 4210 ξ
1001 4151 1065 4200 101:
1085 4151 1189 4214 tomen,
1207 4146 1248 4216 II,
1270 4152 1336 4203 1⁶42

197 4220 236 4269 1o.
258 4233 326 4285 quae
339 4217 384 4271 flir
398 4219 447 4306 qui
460 4217 718 4290 verallgemeinort:
772 4224 841 4273 reete
858 4231 913 4271 ecee
930 4215 1071 4273 dicuutur.

160 4281 283 4353 ‘Fehlen
298 4289 406 4343 welche
422 4332 428 4346 .
447 4289 511 4359 Vgl.
527 4291 547 4357 Ι,
558 4297 606 4346 89:
617 4291 717 4346 dlaleo-
808 4294 850 4342 21.
870 4304 902 4342 eo
918 4288 1002 4354 forle.
1040 4288 1095 4342 Der
1117 4287 1214 4344 Ablat.
1235 4288 1335 4358 quodid

160 4357 276 4412 ticulum
290 4375 372 4427 more,
385 4377 462 4429 quae,
479 4362 513 4431 ll,
530 4369 557 4417 l:
568 4379 600 4417 ea
614 4362 719 4418 ostendi
772 4357 1339 4431 pr'adikatIvisch‚wiell,loeperlurbolic

152 4426 203 4492 III,
217 4433 266 4482 61:
276 4446 351 4498 quae
367 4432 455 4503 doymo
472 4440 545 4489 suut.
772 4433 884 4502 animia,
908 4428 982 4486 Phil.
1003 4430 1078 4499 XIII,
1091 4437 1138 4485 1³:
1152 4448 1267 4502 eumque
1291 4449 1337 4491 eo-
