2790 4800
112 402 144 452 17

126 1424 144 1488 8

165 232 206 295 32
551 225 600 280 ΒΕ
619 224 772 280 NATURA
790 225 953 280 DEORUM.

165 390 287 455 Verum
307 391 369 457 hoc
384 390 478 475 alias,
497 411 597 473 nunc,
621 389 707 474 quod
731 389 910 476 coepimus,
934 390 962 454 si
985 389 1122 455 videtur.
1150 388 1236 454 Mihi
1255 412 1344 475 vero,

164 480 272 564 inquit
283 478 390 566 Cotta,
408 479 544 544 videtur.
579 477 641 544 Sed
658 483 695 543 ut
708 478 771 562 hio,
791 479 847 564 qui
856 479 1034 544 intervenit
1049 477 1114 566 (me
1124 476 1285 566 intuens),
1302 501 1344 545 ne

164 570 307 655 ignoret,
332 591 488 654 quaeres
512 572 643 655 agatur,
671 569 709 633 de
735 573 853 634 nutura
878 568 1055 655 agebamus
1077 569 1226 653 deorum,
1260 591 1342 654 quse

165 681 237 722 eum
257 658 339 722 mihi
357 658 522 723 videretur
539 659 749 742 perobscura,
768 662 806 722 ut
825 680 952 742 semper
970 657 1073 723 videri
1092 659 1186 742 solet,
1203 656 1343 742 Epicuri

165 770 203 810 ex
235 746 362 812 Velleio
396 745 588 832 sciscitabar
626 747 831 812 sententiam.
889 745 993 822 Quam
1033 747 1074 811 ob
1106 769 1190 831 rem,
1221 747 1368 834 mquid»

164 835 284 920 Vellei,
306 835 372 899 nisi
395 837 571 900 molestum
599 840 662 920 est,
693 840 818 920 repete,
858 858 940 922 quae
971 858 1132 921 coeperas.
1179 834 1342 921 Repetam

164 947 254 1009 vero,
278 947 475 1009 quemquam
498 947 565 990 non
588 924 683 1010 mihi,
706 925 762 990 sed
785 924 849 989 tibi
871 924 926 990 hic
949 925 1040 990 venit
1069 925 1212 1010 adiutor,
1244 926 1342 991 ambo

165 1013 265 1098 enim,
289 1014 396 1098 inquit
419 1013 580 1098 arridere,
604 1015 645 1079 ab
670 1015 782 1079 eodem
805 1013 942 1079 Philone
964 1014 1049 1078 nihil
1068 1014 1150 1080 scire
1170 1013 1342 1080 didicistis.

163 1101 248 1166 Tum
278 1125 352 1188 ego:
387 1102 471 1178 Quid
503 1103 724 1188 didicerimus,
758 1101 856 1168 Cotta
888 1104 1019 1187 viderit,
1052 1108 1089 1169 tu
1121 1107 1233 1168 autem
1265 1104 1342 1169 nolo

165 1190 331 1257 existimes
350 1214 401 1257 me
421 1192 602 1257 adiutorem
620 1191 697 1258 huic
711 1193 853 1278 venisse,
872 1192 929 1258 sed
943 1193 1139 1279 auditorem,
1158 1197 1192 1257 et
1208 1193 1343 1278 quidem
1357 1214 1378 1256 ir

165 1303 317 1366 aequum,
340 1282 443 1346 libero
462 1280 598 1367 iudicio,
616 1283 707 1346 nulla
726 1283 794 1346 eius
816 1282 905 1346 modi
923 1282 1117 1347 adstrictum
1135 1282 1344 1369 necessitate,

164 1373 202 1434 ut
224 1371 319 1456 mihi,
342 1371 440 1435 velim
463 1371 579 1456 nolim,
604 1371 648 1435 sit
672 1376 760 1436 certa
784 1372 942 1456 quaedam
965 1371 1086 1436 tuendo
1109 1371 1285 1438 sententia.

253 1459 336 1524 Tum
369 1459 512 1525 Velleius
545 1461 683 1525 fidenter
721 1483 814 1546 sane,
845 1465 881 1525 ut
913 1461 1020 1526 solent
1052 1460 1123 1545 isti,
1154 1459 1241 1525 nihil
1274 1465 1342 1525 tem

112 1526 145 1575 ¹⁸
165 1570 295 1634 verens,
328 1571 426 1634 quam
448 1570 489 1614 ne
513 1548 662 1614 dubitare
692 1550 802 1635 aliqua.
831 1549 870 1614 de
900 1571 935 1614 re
964 1550 1141 1634 videretur,
1172 1554 1342 1635 tamquam

164 1638 260 1702 modo
285 1661 323 1703 ex
346 1638 480 1703 deorum
509 1638 646 1703 concilio
676 1642 709 1703 et
732 1660 771 1703 ex
789 1639 925 1724 Epicuri
952 1638 1182 1704 intermundiis
1211 1639 1376 1705 descen-n

202 1855 224 1902 1.
244 1849 324 1903 alias.
350 1847 459 1917 Wegen
480 1847 530 1902 der
548 1847 656 1918 Ellipse
676 1849 725 1903 des
779 1849 943 1919 folgendem
956 1849 1133 1920 Konjunktiv
1147 1849 1199 1904 der
1214 1848 1341 1906 indirek·

164 1918 303 1972 Verbums
332 1937 352 1974 s.
372 1920 393 1988 I,
411 1926 457 1974 19:
486 1921 596 1991 tanqam
624 1927 661 1975 est
688 1922 726 1976 ad
780 1924 829 1976 ten
842 1921 945 1990 Frage,
965 1939 1012 1974 um
1029 1939 1064 1975 zu
1078 1920 1267 1988 bezeichnen,
1286 1918 1340 1975 dau

165 1991 267 2045 cremia.
304 1989 431 2045 Ndheres
445 1991 515 2046 iiber
534 1991 611 2046 diese
626 1991 725 2046 Streit·
779 2009 843 2046 man
868 1991 930 2046 sich
949 1991 1000 2046 auf
1016 1992 1066 2046 das
1085 1992 1179 2047 Urteil
1196 1991 1276 2047 eines
1295 2008 1341 2047 an·

164 2061 243 2130 frage
261 2061 309 2115 hei
329 2060 384 2117 Cic.
401 2063 436 2117 de
450 2063 496 2116 fin.
516 2063 557 2117 ΙΙΙ
575 2080 603 2119 u.
617 2063 657 2117 lV
666 2064 725 2118 und
780 2064 850 2118 dern
857 2064 959 2133 beruft,
969 2081 1017 2117 um
1025 2063 1087 2118 eine
1095 2064 1340 2134 ausgesprochene

165 2132 200 2187 de
219 2133 273 2202 leg.
295 2133 315 2201 I,
327 2139 361 2188 54
375 2134 421 2204 fig.
779 2135 900 2190 Ansicht
916 2135 958 2188 als
973 2134 1132 2190 irrtdmlich
1148 2152 1182 2189 zu
1197 2133 1340 2192 erweisen

199 2220 274 2272 aero,
297 2203 491 2275 versichernd,
517 2206 594 2261 steht
617 2206 725 2261 sowohl
778 2206 950 2276 Vg1.111‚s.

164 2275 195 2330 in
212 2274 392 2344 bejahenden
411 2277 452 2330 als
478 2276 532 2331 wie
557 2277 587 2330 in
614 2276 722 2332 vernei-
815 2284 857 2333 10.
873 2278 1339 2350 adiutorem—auditoremaaoo·

164 2345 276 2401 nenden
299 2347 464 2402 Antworten
488 2349 546 2402 und
569 2348 723 2418 Aussegen.
778 2351 913 2418 νομασία,
958 2350 1162 2418 adaemimatio,
1204 2366 1268 2407 cam
1305 2350 1341 2407 at

165 2417 348 2486 Vgl.lll,65;
364 2417 439 2486 11,4;
455 2419 540 2489 lici,
556 2419 614 2473 und
628 2419 724 2490 gleich
778 2421 850 2476 idem
873 2422 982 2477 emtam
1001 2422 1141 2477 acceditur
1165 2438 1228 2477 eam
1253 2429 1340 2478 mate·

164 2488 290 2544 nachher
307 2495 426 2559 repetam
444 2507 513 2546 aero.
778 2493 852 2548 tioae
869 2493 956 2548 maias
969 2498 1020 2548 eat
1034 2493 1162 2562 pieriam
1176 2493 1340 2562 litterarum,

200 2567 226 2616 3.
245 2568 490 2632 quaereremur,
510 2561 665 2632 cigentlich
679 2562 725 2618 ein
779 2570 811 2618 at
829 2565 867 2618 ad
890 2579 933 2618 res
958 2565 1104 2618 dissimiles
1128 2564 1234 2619 similia
1260 2566 1340 2620 verba

162 2630 510 2701 jurisdich-techniseher
520 2634 726 2689 Ausdruckznr
779 2636 987 2690 accomodemtmr
1003 2635 1050 2704 (ad
1065 2635 1131 2690 Her.
1141 2634 1189 2703 IV,
1199 2637 1255 2706 29).
1274 2635 1340 2705 vgl.

164 2701 364 2772 Bezeichnung
383 2703 432 2758 des
451 2703 722 2774 Hauptstreitpunk-
777 2706 826 2773 ΠΙ,
838 2712 885 2760 64:
904 2707 1020 2761 seatium
1039 2738 1073 2748 -
1092 2707 1243 2763 adsentiar.

164 2777 220 2843 tes,
248 2772 299 2827 auf
326 2774 427 2828 dessen
452 2775 668 2846 Entscheidung
694 2793 722 2831 es
813 2779 989 2846 molo-sed,
1004 2795 1025 2835 s.
1042 2784 1099 2844 §71
1116 2778 1339 2848 namet-sed.

165 2845 319 2900 ankommt.
356 2844 398 2900 De
425 2847 472 2902 fin.
501 2847 539 2916 Il,
564 2854 593 2902 3:
628 2848 724 2903 Omm's
815 2855 856 2903 12.
881 2850 960 2904 eelim
984 2851 1083 2916 aelim,
1112 2850 1158 2904 die
1183 2848 1340 2905 klessische

165 2925 256 2974 autem
275 2918 307 2972 ia
324 2919 493 2988 quaerendo,
513 2937 582 2990 qaae
600 2920 723 2989 viaque·
778 2920 863 2975 Form
881 2920 926 2973 fiir
950 2920 1000 2974 das
1027 2922 1085 2975 erst
1109 2920 1149 2974 im
1173 2919 1340 2976 Mittelslter

165 2990 230 3045 dam
240 2994 265 3044 et
274 2991 381 3045 ratieae
394 2991 518 3060 hahetur,
537 2993 626 3047 oratio
641 3008 723 3062 prae·
778 2991 999 3047 vorkommende
1017 2993 1113 3047 molem
1130 2993 1228 3048 volcas.

164 3061 409 3131 scribereprimam
418 3063 505 3131 debet,
520 3064 724 3133 aequitaniam
816 3069 890 3118 certa
913 3064 1047 3132 quaedum
1070 3064 1174 3119 taeada
1196 3064 1339 3131 sententie,

164 3134 346 3199 informatis
368 3129 416 3189 ‘ea
441 3151 493 3189 res
515 3129 656 3207 aqetar',
684 3140 725 3202 at,
779 3133 833 3189 wie
859 3132 905 3187 die
930 3134 1122 3203 Dogmatiker.
1166 3134 1192 3190 S.
1218 3134 1295 3204 11,s
1319 3153 1339 3189 r.

165 3205 237 3257 imter
273 3221 340 3272 qaas
380 3206 537 3274 disseritur,
575 3206 725 3274 eoaeeaiat,
779 3206 903 3261 stabilem
920 3207 1089 3262 sementiam.

166 3275 234 3343 qaid
251 3276 287 3329 sit
305 3277 351 3343 id,
379 3277 411 3331 de
429 3293 481 3345 qao
499 3277 659 3332 disseratur.
686 3275 726 3333 ib.
817 3277 887 3346 Kap.
902 3276 928 3330 8.
948 3282 1101 3342 §rs-56.
1124 3281 1267 3343 vertras
1285 3279 1341 3333 des

165 3345 199 3413 V,
212 3350 258 3399 78:
287 3347 312 3400 si
335 3353 373 3401 est
390 3348 544 3416 qumquam,
572 3349 621 3417 qai
648 3354 726 3404 acute
779 3351 976 3413 Epikureers
1003 3352 1157 3404 Velleius.
1195 3352 1339 3415 §18-24.

166 3418 198 3471 ia
216 3418 307 3472 causis
329 3419 420 3472 cidere
441 3419 539 3487 soleat,
568 3434 652 3488 qaae
674 3435 727 3475 res
779 3419 935 3474 Polemilr
954 3437 1063 3491 gegen
1081 3421 1184 3475 Plato
1202 3420 1270 3475 und
1285 3418 1340 3476 die

165 3494 306 3557 aeetae,
324 3489 350 3542 is
368 3504 395 3542 es
408 3489 531 3559 profesto
549 3495 589 3546 ta.
781 3491 935 3546 stoisohe
953 3490 1110 3547 Pronoia.

201 3559 234 3613 de
260 3565 365 3615 matare
397 3561 557 3631 aqebamas,
590 3561 643 3616 mit
676 3562 726 3616 der
816 3570 858 3619 13.
877 3565 992 3631 fidenter
1010 3580 1089 3633 same,
1114 3568 1147 3618 at
1170 3563 1257 3619 soleat
1284 3563 1341 3631 isti,

165 3630 328 3684 bekannten
355 3631 503 3700 logischen
531 3631 652 3704 Ellipse:
678 3628 725 3701 “so
781 3633 843 3689 eine
881 3633 1062 3702 Zuversieht,
1101 3634 1147 3688 die
1189 3650 1240 3689 sus
1278 3634 1342 3690 dem

164 3697 269 3758 wisse’.
289 3701 474 3772 Vgl.11,1ss=
494 3705 727 3776 utintelleqamas
780 3704 909 3759 Glauben
946 3705 995 3759 der
1035 3705 1139 3762 Schule
1178 3707 1340 3776 entsprang,

166 3804 199 3814 -
219 3775 286 3829 data
304 3781 350 3829 est.
780 3776 837 3830 dau
856 3776 902 3830 die
916 3776 1066 3832 Lchrsttze
1081 3777 1131 3832 des
1147 3775 1278 3831 Meisters
1292 3794 1340 3831 un-

202 3850 227 3899 8.
246 3846 318 3900 achil
335 3846 418 3914 scire,
437 3845 489 3899 das
508 3845 724 3902 Charakteristi-
780 3846 954 3902 umstosslich
990 3849 1120 3919 Dogmcn
1162 3847 1255 3917 scien,
1298 3849 1342 3903 mr

165 3915 233 3970 hum
252 3916 301 3970 der
320 3916 650 3987 akademischenLehre,
667 3935 724 3975 so.
780 3919 886 3973 welche
906 3918 945 3973 sie
971 3919 1081 3990 Epikur
1108 3919 1197 3974 selbst
1223 3919 1340 3988 ausgeb.

166 3993 233 4053 §11-
276 3988 358 4044 Philo
378 4006 437 4042 war
466 3988 519 4044 wie
534 3988 666 4059 Ciceros,
693 4006 724 4045 so
779 3988 861 4058 Diog.
880 3990 972 4047 Lacrt.
993 3992 1027 4060 X,
1039 3997 1104 4046 121:
1130 3987 1246 4062 (σοφὸν)
1272 3992 1343 4063 δογ-

166 4059 238 4112 auoh
258 4058 354 4115 Cottas
373 4061 486 4115 Lehter.
778 4068 889 4131 ματιεῐν
908 4061 940 4116 δὲ
960 4063 1010 4117 eod
1029 4059 1081 4118 oia
1100 4059 1265 4133 ἀπορήσειν.

202 4135 226 4184 9.
245 4132 344 4187 eideiit
358 4132 524 4203 (Futur.11)‚
544 4131 657 4203 wieolt,
677 4150 725 4186 um
817 4139 860 4192 lt.
880 4150 913 4188 ee
922 4133 1043 4216 Fmicari
1062 4134 1268 4191 iatermmidiis.
1291 4132 1341 4191 Ire·

166 4201 392 4269 auszudrticken‚
412 4201 468 4257 dau
486 4221 552 4258 man
562 4207 650 4258 etwas
668 4219 725 4258 von
779 4205 936 4260 termaadia
951 4208 990 4260 rst
1004 4204 1066 4261 eine
1077 4193 1273 4276 duersemung
1286 4220 1342 4261 von

165 4271 227 4325 sich
251 4271 369 4328 ebweist
391 4274 450 4329 und
473 4274 519 4330 die
541 4274 725 4345 Ausfdhrung
779 4273 967 4346 μετακόσμια,
998 4277 1074 4333 dh.
1108 4277 1155 4333 die
1180 4274 1340 4333 Zwisohen-

166 4342 258 4397 einem
274 4343 381 4399 andern
395 4345 598 4401 onheimstellt.
622 4346 725 4417 Hhufig
779 4352 874 4401 rtume
901 4346 1042 4403 zwischen
1068 4348 1124 4402 den
1149 4365 1205 4403 von
1232 4346 1344 4418 Epikur

166 4413 196 4469 in
210 4413 497 4485 derFormeleideris,
513 4419 562 4487 -it,
576 4435 658 4488 qaam
672 4417 726 4472 mit
780 4434 1021 4488 engenommenen
1054 4418 1209 4475 nnendlich
1246 4418 1343 4477 vislsn
