2790 4800
287 241 356 299 LIB.
370 243 406 297 ll.
422 242 500 299 CAP.
515 250 557 301 67.
577 249 663 310 5168.
691 243 759 299 LIB.
774 245 821 300 III.
837 243 914 299 OAP.
931 251 954 300 1.
969 250 984 312 ξ
1000 251 1076 299 1-4,
1211 247 1273 314 187

495 730 638 804 LIBER
666 731 877 807 TERTIUS.

1297 1051 1314 1114 1

186 1063 280 1171 Quae
314 1106 387 1149 oum
418 1083 542 1150 Balbus
575 1085 724 1171 dixisset,
753 1089 825 1150 turn
856 1086 1002 1152 arridens
1036 1083 1149 1152 Cotta:
1187 1083 1309 1191 Sero,1

92 1173 218 1260 inquit,
248 1172 343 1259 mihi,
366 1172 483 1259 Balbe,
505 1175 681 1260 praecipiS,
705 1174 783 1260 quid
806 1174 985 1241 defendam.
1031 1175 1105 1262 Ego
1130 1176 1217 1240 enim
1241 1179 1274 1240 te

94 1264 298 1349 disputante,
322 1263 400 1348 quid
419 1267 534 1328 contra
557 1263 711 1349 dicerem,
726 1286 854 1330 meeum
867 1265 938 1350 ipse
953 1264 1148 1351 meditabar,
1169 1287 1275 1350 neque

93 1359 165 1418 tam
193 1352 361 1418 refellendi
389 1352 439 1417 tui
468 1375 565 1418 causa
590 1376 687 1438 quam
712 1375 758 1438 ea,
787 1375 869 1438 quae
893 1354 1002 1419 minus
1033 1354 1275 1440 intellegebam,

59 1441 291 1528 orequirendi.
328 1439 410 1506 Oum
433 1445 543 1506 autem
567 1465 626 1507 suo
650 1441 767 1527 cuique
789 1442 910 1508 iudicio
935 1442 979 1509 sit
997 1442 1168 1528 utendum,
1191 1441 1275 1506 diffi-

94 1532 157 1597 cile
188 1530 279 1597 iactu
311 1534 362 1596 est
394 1553 446 1595 me
478 1531 511 1594 id
544 1531 680 1616 sentire,
712 1531 799 1616 quod
826 1535 863 1596 tu
891 1532 981 1598 velis.
1027 1531 1090 1597 Hic
1114 1531 1309 1598 Velleius:2

94 1619 229 1706 Nescis,
264 1619 389 1706 inquit,
426 1623 550 1705 quanta
587 1643 660 1686 oum
698 1621 955 1707 exspectatione,
994 1620 1106 1707 Getta,
1143 1621 1206 1686 sim
1242 1625 1276 1685 te

94 1708 274 1774 auditurus.
324 1708 488 1775 Iucundus
522 1709 608 1774 enim
633 1709 737 1775 Balbo
768 1714 884 1775 nostro
917 1733 1023 1776 sermo
1041 1715 1131 1775 ‘tuus
1162 1713 1277 1775 contra

94 1798 276 1883 Epicurum
298 1796 376 1883 fuit,
399 1798 562 1882 praebebo
585 1798 690 1885 igitur
713 1820 774 1885 ego
794 1822 845 1864 me
864 1799 928 1864 tibi
946 1800 1091 1866 vicissim
1111 1803 1276 1865 attentum

49 1907 77 1947 ro
95 1891 212 1952 contra
244 1885 373 1952 Stoicos
406 1887 597 1952 auditorem.
651 1885 753 1972 Spero
787 1888 874 1954 enim
906 1893 954 1974 te,
986 1893 1024 1954 ut
1057 1889 1156 1973 soles,
1193 1888 1276 1952 bene

93 1980 247 2061 paratum
277 1977 395 2041 venire.
448 1975 532 2040 Tum
563 1975 674 2042 Cotta:
699 1975 753 2041 Sic
783 1977 975 2063 mehercule,
1004 1978 1126 2063 inquit,
1154 1976 1310 2062 Vellei33

93 2087 200 2151 neque
233 2065 320 2130 enim
351 2064 433 2129 mihi
465 2088 524 2149 par
556 2066 641 2131 ratio
673 2088 746 2130 cum
770 2065 896 2132 Lucilio
928 2072 978 2132 est
1008 2089 1046 2132 ac
1069 2071 1178 2131 tecum
1200 2064 1274 2130 fuit.

96 2153 161 2230 Qui
188 2153 343 2220 tandem?
374 2155 484 2240 inquit
506 2154 571 2220 ille.
618 2153 702 2230 Quia
724 2154 807 2218 mihi
830 2155 958 2220 videtur
981 2155 1144 2240 Epicurus
1167 2159 1276 2220 vester

95 2244 135 2308 de
160 2243 209 2308 dis
233 2243 474 2309 immortalibus
496 2266 565 2308 non
596 2266 795 2331 magnopere
827 2267 988 2331 pugnare,
1020 2249 1151 2310 tanturn
1178 2243 1275 2309 modo

51 2353 77 2394 15
95 2354 217 2419 negare
240 2333 317 2398 deos
342 2355 413 2398 esse
435 2355 503 2398 non
525 2333 635 2417 audet,
663 2356 705 2397 ne
729 2334 807 2419 quid
829 2334 970 2399 invidiae
995 2335 1111 2399 subeat
1134 2338 1192 2398 aut
1215 2333 1276 2398 cri·

95 2422 202 2486 minis.
256 2419 338 2487 Cum
370 2444 446 2487 vero
480 2422 556 2487 deos
579 2422 664 2486 nihil
696 2445 805 2508 agere,
837 2422 921 2487 nihil
958 2446 1070 2489 curare
1103 2423 1276 2488 confirmat

96 2511 316 2596 membrisque
344 2510 497 2576 humanis
527 2533 597 2576 esse
625 2511 806 2598 praeditos,
838 2513 894 2577 sed
917 2535 1030 2578 eorum
1054 2512 1275 2577 membrorum

95 2623 192 2665 usum
209 2600 337 2664 nullum
354 2599 489 2685 habere,
512 2601 622 2665 ludere
641 2600 770 2665 videtur
789 2601 934 2687 satisque
953 2607 1084 2687 putare,
1108 2601 1136 2666 si
1156 2601 1275 2666 dixerit

95 2711 166 2754 esse
190 2689 352 2774 quandam
374 2689 506 2754 beatam
527 2695 679 2755 naturam
703 2694 736 2754 et
759 2696 935 2757 aeternam.
979 2690 1011 2755 A
1033 2690 1138 2756 Balbo
1163 2694 1310 2755 autem4

48 2799 77 2839 20
96 2778 371 2864 animadvertisti,
391 2778 500 2864 credo,
519 2801 617 2863 quam
633 2779 736 2844 multa
756 2780 843 2844 dieta
863 2779 930 2845 sint
949 2802 1125 2865 quamque,
1145 2779 1276 2844 etiamsi

95 2867 203 2934 minus
244 2890 334 2953 vera,
375 2871 487 2932 tamen
519 2873 597 2953 apta
631 2869 719 2933 inter
751 2891 785 2934 se
824 2874 856 2934 et
889 2868 1105 2934 cohaerentia.
1158 2868 1275 2953 Itaque

131 3077 212 3132 Buch
225 3077 274 3135 Ill.
292 3080 401 3133 Kritix
415 3079 472 3132 der
491 3081 658 3132 stoisohen
711 3077 850 3149 gewissen
874 3077 1069 3133 sokratischen
1094 3076 1186 3132 Ironie
1206 3077 1275 3146 (vgl.

94 3152 270 3215 nheologie
316 3151 418 3203 durch
464 3151 527 3203 den
571 3152 655 3204 Neu·
711 3150 784 3204 Plat.
799 3150 874 3204 Prot.
886 3151 958 3220 329),
973 3150 1081 3204 welche
1096 3164 1153 3203 von
1167 3148 1273 3202 Balbus

95 3223 307 3276 akademiker
324 3224 430 3275 Cotta.
711 3221 792 3276 nicht
822 3220 992 3275 unbemerlrt
1012 3221 1128 3289 rbleibt:
1161 3221 1207 3275 sire
1235 3236 1277 3275 me

131 3292 214 3363 Kap.
245 3292 272 3348 1.
305 3298 320 3359 ξ
344 3298 421 3347 1-6.
458 3294 655 3357 Einleitung.
712 3295 880 3363 interrepere
905 3294 997 3362 (voles)
1021 3310 1079 3348 nore
1096 3298 1153 3347 tam
1171 3292 1274 3347 r'rrtelle·

95 3362 158 3419 Die
182 3362 657 3433 Auseinandersetzungen
712 3365 1139 3435 perdiccaeaqaumrefellerrdi.
1156 3365 1276 3432 (gl).-

95 3435 154 3490 tles
179 3434 307 3489 Balbus
334 3435 417 3489 fiber
450 3435 509 3488 das
536 3435 659 3490 Wesen
712 3434 1247 3505 neque=rrequetamen,wiel,10'l.

94 3506 155 3560 der
169 3505 292 3560 Gotter
305 3506 657 3561 verdienendenVor·
752 3513 792 3563 11.
812 3507 859 3562 Sic
876 3509 1024 3563 mehercule
1034 3525 1072 3562 sc.
1082 3513 1134 3574 est,
1153 3505 1276 3560 welches

94 3595 158 3646 zug
171 3592 232 3632 vor
246 3577 357 3631 denen
370 3577 430 3633 des
444 3576 658 3647 Epikureers
713 3594 770 3631 von
788 3576 886 3634 Cicero
905 3579 952 3634 bei
971 3581 1023 3647 sic,
1047 3595 1129 3632 wenn
1155 3594 1184 3631 es
1213 3577 1276 3631 eine

95 3647 265 3704 Velleius.
301 3648 392 3703 Aber
419 3648 474 3703 die
507 3647 658 3718 Grande,
713 3648 862 3720 Bejahung
886 3650 1063 3718 bezeichnet,
1095 3648 1204 3703 sowohl
1228 3663 1276 3716 ge-

94 3719 225 3775 welche
245 3721 396 3775 ersterer
414 3719 578 3774 furseine
594 3723 658 3773 An·
713 3720 1058 3790 setztalsausgelassen
1080 3718 1159 3773 wird.
1201 3717 1275 3772 Phil.
1354 3754 1356 3759 ·

94 3789 237 3846 sichten
261 3791 456 3861 vorbringt‚
492 3791 659 3845 erweisen
712 3791 806 3861 ll‚44:
835 3793 917 3846 Visne
940 3793 1029 3862 ἐρίων
1051 3798 1077 3847 te
1094 3790 1277 3860 inspiciamus

95 3861 172 3917 sich
200 3861 250 3915 als
277 3863 518 3933 ungenugend.
557 3861 659 3916 Cotta
712 3863 915 3932 apuero?Sr'c‚
931 3864 1037 3932 opinor.
1060 3861 1102 3916 De
1117 3879 1138 3915 r.
1153 3879 1180 3930 p.
1196 3860 1275 3926 Leo:

95 3933 251 4003 gedenkt
278 3933 313 3988 in
336 3933 411 3989 eine
439 3933 556 3988 Kritik
583 3933 659 3988 der·
714 3933 944 4004 &circumboat
968 3933 1190 4002 Ebensor'ta‚·p.
1207 3931 1277 3986 Sull.

94 4005 219 4060 selben
237 4003 467 4073 einzutreten,
491 4005 659 4060 naehdem
715 4011 744 4059 3:
763 4007 825 4073 Ita,
843 4007 943 4074 inquit.

96 4093 132 4132 er
169 4075 293 4131 vorher
330 4075 582 4131 ausdrfieklieh
610 4092 661 4130 er·
753 4082 795 4130 12.
813 4079 887 4132 ratio
906 4094 968 4131 cum
986 4076 1106 4143 Lucilio,
1125 4092 1147 4130 s.
1162 4074 1183 4143 Ι,
1201 4080 1277 4129 6‘1n

95 4147 196 4203 klart
213 4147 287 4216 hat,
306 4147 373 4202 dall
388 4164 422 4203 er
436 4147 662 4203 alsPontifex
715 4154 811 4204 tecum.

94 4235 138 4273 an
157 4219 222 4273 den
240 4218 420 4290 positiven
439 4219 662 4287 Grundlagen
753 4225 794 4275 14.
810 4234 953 4290 procare,
972 4236 993 4273 s.
1008 4236 1031 4272 z.
1046 4217 1120 4285 lua.

96 4290 157 4346 der
182 4289 459 4361 Staatsreligion
483 4290 661 4348 festhalte.
753 4296 795 4346 15.
814 4307 848 4345 ne
865 4292 933 4360 quid
951 4291 1074 4346 incidiae
1087 4291 1189 4345 subeat.
1209 4287 1279 4359 Vgl.

133 4368 158 4416 3.
178 4379 264 4432 neque
281 4368 338 4418 tam
355 4363 498 4431 refellendi
523 4394 556 4404 -
580 4380 662 4432 quam
716 4363 736 4432 l,
752 4369 813 4418 123.

97 4463 131 4472 -
165 4434 338 4503 requirendi,
366 4437 468 4505 gesagt
501 4433 554 4489 mit
585 4435 662 4488 einer
753 4439 796 4489 18.
814 4434 840 4489 si
857 4433 959 4489 dicem
978 4435 1032 4489 etc.
1052 4431 1079 4487 S.
1095 4433 1171 4500 th.
