2790 4800
150 667 392 742 Verzeiehnis
430 666 649 762 derjenigen
687 665 845 752 Stellen,
877 664 917 737 in
944 665 1114 738 welchen
1142 687 1216 740 von

52 823 55 828 ’
153 813 226 884 den
257 810 440 883 Lesarten
473 809 540 882 der
568 807 1009 883 admuntensem
1041 808 1216 904 Ausgebe

455 1003 457 1008 -
518 950 761 1046 abgewichen
788 949 850 1022 ist.

370 1195 421 1247 (Die
436 1196 545 1235 letateren
559 1196 653 1236 werden
667 1207 697 1234 sn
710 1198 782 1234 crater
797 1160 867 1236 stelle
882 1197 999 1244 genennt.)

629 1288 736 1296 -——

550 1428 552 1433 ·
608 1403 707 1457 Buch
729 1402 757 1457 1.

184 1521 199 1580 5
220 1523 243 1568 1.
262 1518 483 1586 apuitionem-
501 1516 680 1586 eopnitiorum
694 1514 725 1582 B,
740 1513 830 1581 Lean,
846 1513 1014 1568 Schwenke:
1034 1513 1107 1569 Phil.
1123 1513 1268 1568 Rundsch.

97 1592 165 1640 1885
192 1605 219 1656 p.
240 1592 300 1641 272.
342 1594 401 1653 52.
425 1587 531 1643 actione
554 1617 588 1626 -
611 1588 643 1642 de
665 1587 771 1640 actmne
794 1584 826 1652 Β,
850 1584 960 1640 Deiter:
988 1585 1089 1642 Rhein.
1108 1583 1179 1639 Mus.
1199 1590 1288 1650 1882

95 1676 122 1727 p.
142 1664 203 1713 314.
245 1664 260 1724 5
284 1665 326 1713 20.
349 1665 449 1726 vestra,
474 1659 583 1726 Lucrii,
610 1658 637 1711 si
658 1663 697 1712 est
719 1658 802 1710 -si
825 1664 914 1711 vestra
939 1663 990 1724 est,
1015 1657 1126 1723 Lucili,
1147 1655 1269 1723 Hdschr.

96 1735 171 1791 521.
191 1731 310 1801 intetlepi
333 1747 398 1786 nou
418 1736 505 1797 potest
524 1760 557 1770 -
576 1726 696 1799 inteltepi
710 1734 799 1797 potest
819 1727 939 1784 Hdschr.
951 1727 977 1782 S.
994 1727 1110 1795 Goethe,
1130 1726 1268 1781 Fleckeis.
1381 1781 1383 1785 2

96 1800 192 1854 Jahrb.
211 1806 279 1854 1884
297 1820 325 1870 p.
340 1801 393 1856 30.
420 1808 435 1866 5
453 1807 497 1856 24.
515 1818 549 1855 eu
562 1807 643 1870 parte
657 1804 675 1866 †
689 1801 858 1870 sipuificetur
872 1829 906 1838 -
920 1815 953 1853 eu
967 1805 1049 1868 parte
1065 1800 1194 1869 dripere
1211 1804 1269 1854 aut

95 1873 181 1926 sotis
203 1873 264 1942 ipui
286 1880 397 1927 venetur
419 1871 528 1926 Goethe
546 1888 571 1925 a.
586 1887 611 1926 a.
628 1868 659 1925 Ο.
678 1889 706 1938 p.
721 1877 776 1923 31:
802 1875 816 1934 5
836 1877 878 1924 25.
896 1886 958 1926 vero
972 1876 990 1937 †
1004 1877 1042 1925 est
1061 1901 1091 1911 -
1108 1886 1169 1925 vero
1187 1871 1269 1937 sint†

95 1941 203 1995 Goethe
223 1959 247 1997 a.
263 1959 287 1996 a.
304 1942 335 1997 0.
354 1962 381 2011 p.
397 1949 440 1996 32.
482 1947 558 2006 528.
583 1943 734 1996 continente
756 1941 855 1995 ardore
879 1971 912 1980 —
936 1943 1116 1996 continentem
1137 1942 1269 1996 ardorum

95 2013 126 2079 B,
136 2013 242 2068 Deiter.
271 2019 285 2079 5
301 2021 342 2068 33.
357 2031 407 2069 suo
418 2015 535 2068 Platone
548 2028 614 2067 non
628 2040 661 2052 -ι
676 2028 732 2066 non
745 2009 890 2085 [Platone]
904 2011 989 2066 Diels.
1000 2012 1039 2066 ib.
1050 2014 1116 2068 deus
1125 2013 1225 2067 moveri
1235 2045 1268 2052 -

96 2085 249 2157 [mundus]
265 2087 366 2140 moveri
379 2083 487 2151 Baiter,
506 2082 593 2138 Diels.
631 2089 703 2148 534.
722 2083 869 2150 mnndum,
889 2090 947 2138 tum
961 2114 994 2124 —
1009 2085 1143 2138 mnndum
1161 2085 1269 2151 deum,

94 2165 152 2210 tum
167 2155 292 2210 Walker.
329 2162 401 2222 536.
416 2157 463 2226 [id
476 2155 694 2224 est-deorum]
708 2185 742 2194 -
756 2155 787 2208 id
800 2156 1010 2210 est-deorum.
1044 2161 1115 2220 539.
1135 2154 1268 2210 universi-

96 2233 229 2295 tatemque
242 2230 335 2282 ovinia
349 2231 529 2283 continentem
540 2257 573 2266 —
587 2227 758 2296 [nniversam
772 2232 852 2294 atque
865 2228 958 2280 omnia
973 2227 1169 2298 coutinentem]
1179 2225 1267 2296 'Diels

96 2303 168 2362 548.
201 2300 388 2368 pulcherrima
401 2301 438 2353 sit
458 2330 491 2338 -
505 2299 693 2368 pulcherrima
711 2302 749 2351 est
762 2296 793 2352 Β.
832 2302 903 2362 549.
923 2304 1052 2353 cernatur
1071 2304 1269 2352 —cernantur

95 2368 176 2438 ΒΟ),
196 2369 232 2422 ib.
248 2388 308 2425 cunr
322 2373 435 2438 intuita
455 2403 488 2434 -.
503 2387 628 2438 cumque
643 2370 765 2436 intuita.
794 2367 958 2424 Schwenke.
982 2367 1021 2421 ib.
1036 2371 1270 2438 series-species

95 2440 213 2494 Hdschr.
250 2448 327 2507 568.
350 2444 375 2496 si
397 2448 494 2496 uatum
520 2471 553 2481 —
580 2443 606 2495 si
630 2441 693 2494 uoti
716 2438 948 2494 Forchhammer:
981 2439 1106 2493 Nordisk
1132 2439 1270 2493 Tidskrift

95 2510 114 2565 f.
136 2510 218 2563 Filol.
245 2518 312 2568 1880
338 2533 366 2582 p.
385 2518 428 2568 38.
473 2518 487 2578 5
512 2519 554 2567 11.
580 2518 629 2566 aut
644 2507 738 2580 ‘quasi
761 2506 883 2582 sanquis'
906 2544 938 2550 -
965 2519 1015 2567 aut
1037 2513 1104 2580 quid
1126 2513 1163 2565 sit
1177 2507 1270 2579 ‘quasi

94 2578 216 2651 sanquis'
245 2584 275 2651 B,
299 2584 381 2638 Laur.
427 2590 442 2648 5
467 2591 509 2638 tt.
532 2584 607 2653 [eam
632 2613 666 2622 -
687 2583 867 2654 putaremus]
897 2613 931 2622 --
957 2599 1016 2636 eam
1042 2613 1074 2621 -
1098 2589 1267 2652 putaremus.

95 2659 109 2718 5
126 2660 167 2707 79.
186 2654 227 2707 Et
239 2656 410 2722 —formicae
425 2687 456 2694 -
467 2654 524 2724 [Et
533 2685 566 2694 ·-
575 2654 722 2726 formicae]
735 2652 844 2707 Goethe
859 2669 883 2706 a.
895 2671 919 2708 a.
930 2652 961 2708 0.
972 2672 999 2722 p.
1011 2660 1053 2707 32.
1080 2660 1095 2719 5
1106 2658 1148 2707 82.
1163 2655 1224 2708 ibin
1234 2684 1268 2694 -

95 2726 169 2778 ibim.
195 2731 262 2789 584.
279 2725 428 2792 Voicanus‚
442 2726 558 2780 11111111
571 2724 714 2794 Hispania
728 2756 762 2767 -
779 2724 929 2791 Volcanus,
944 2726 1015 2779 idem
1028 2726 1061 2779 iu
1070 2726 1184 2792 Africa,
1198 2726 1269 2779 idem
1335 2729 1339 2736 '

94 2797 126 2848 iu
140 2797 283 2864 Hispania
320 2797 440 2850 Hdschr.
476 2802 548 2863 585.
568 2797 687 2850 bumano
705 2797 781 2851 visu
796 2797 963 2849 -bumauo
981 2812 1119 2864 corpore
1136 2802 1216 2850 sunt
1234 2797 1270 2850 di

95 2867 319 2922 Forchhammer.
353 2874 425 2933 586.
445 2870 552 2923 beatum
565 2883 667 2922 esse-
680 2883 735 2921 esse
753 2868 868 2921 beatum.
901 2874 916 2932 5
936 2873 978 2922 st.
1001 2868 1207 2937 9191111111-
1227 2868 1268 2936 pi·

94 2944 219 3007 puuntur
233 2938 365 2994 Schiche:
385 2940 520 2995 Zeitechr.
530 2939 549 2994 f.
560 2938 686 3007 Gymnw.
706 2944 775 2994 1880
790 2956 816 3007 p.
828 2943 889 2995 345.
909 2944 923 3004 5
939 2943 980 2992 98.
996 2939 1117 2993 moribus
1129 2939 1267 2992 111111111-

94 3012 158 3062 mis
182 3041 214 3049 —
239 3012 361 3066 moribus
379 3013 524 3080 paribus
548 3010 643 3076 Klotz,
666 3009 771 3078 Meyer.
814 3014 828 3073 5
848 3016 890 3064 99.
913 3026 963 3064 uec
984 3010 1070 3079 speeie
1091 3025 1141 3063 nec
1162 3026 1216 3064 usu
1234 3040 1268 3050 -

94 3097 143 3134 nec
165 3082 203 3135 ud
224 3082 336 3151 speciem
360 3099 408 3137 uec
431 3083 469 3136 ad
491 3097 571 3137 usum
596 3079 742 3134 Heindorf.
787 3086 881 3145 5100.
906 3082 1036 3135 aberrant
1059 3082 1215 3135 coniectura
1233 3112 1268 3121 -

94 3154 224 3206 aberrant
238 3170 256 3206 a
270 3155 425 3209 coniectura
443 3153 572 3219 Hdschr.,
587 3151 693 3218 Meyer.
725 3158 740 3217 5
757 3158 816 3207 104.
837 3169 923 3221 porro
938 3183 971 3208 -,-
981 3158 1077 3221 postea
1096 3151 1266 3220 Degenhsrt.

94 3230 108 3287 5
130 3229 187 3276 110.
206 3240 298 3279 rerum
315 3225 418 3295 1119111
432 3254 466 3264 -
481 3226 591 3279 deorum
610 3224 712 3292 effipies
730 3221 838 3277 Goethe
857 3240 882 3278 s.
897 3240 921 3277 a.
938 3223 969 3280 0.
984 3242 1012 3293 p.
1024 3229 1067 3277 33.
1096 3228 1185 3288 5111.
1200 3239 1268 3278 nou

89 3295 246 3362 pudeat-
260 3297 366 3364 pudeat
384 3295 504 3350 Hdschr.
541 3300 635 3359 5122.
657 3293 731 3363 Quid
748 3296 781 3348 ui
798 3296 840 3350 ita
856 3296 894 3350 sit
912 3327 945 3336 —
968 3295 1046 3366 Quod
1063 3296 1096 3350 111
1114 3296 1156 3351 ita
1172 3297 1216 3350 sit.

596 3485 695 3539 Buch
717 3484 762 3539 H.

183 3601 198 3660 5
218 3604 241 3652 5.
262 3598 408 3652 inveterari
421 3628 456 3637 —
470 3598 661 3652 inveterascere
678 3596 904 3654 Forchhammer.
942 3603 957 3662 5
973 3604 996 3651 7.
1015 3597 1173 3650 nominituo
1186 3612 1218 3650 ea
1234 3628 1267 3636 -

92 3669 248 3723 bominibus
274 3668 444 3723 divinitae
468 3684 500 3720 ea
531 3667 656 3735 Brieger.
705 3674 720 3734 5
746 3676 787 3721 11.
811 3668 920 3738 [1111111
943 3667 1097 3739 Scipionis]
1119 3698 1153 3707 —
1177 3667 1268 3737 apud

92 3740 183 3794 homos
196 3739 335 3808 Scipionis
352 3736 469 3793 Goethe.
507 3745 522 3805 5
539 3744 579 3792 18.
599 3739 723 3793 animum
738 3740 816 3793 ibium
830 3739 988 3808 spirabilem
1002 3769 1036 3778 -
1050 3739 1267 3793 animamillam

93 3812 250 3878 spirabilem
269 3810 392 3879 Brieger.
430 3816 445 3875 5
464 3816 507 3866 21.
529 3811 566 3864 iis
584 3840 617 3848 -
635 3810 679 3864 bis
696 3809 815 3863 Hdschr.
852 3815 867 3874 5
887 3815 930 3864 22.
949 3811 1020 3864 idem
1038 3810 1140 3864 scilicet
1155 3811 1267 3864 -item

93 3883 195 3936 scilicet
213 3881 317 3936 Baiter.
358 3887 373 3946 5
396 3888 439 3936 23.
463 3888 488 3937 et
510 3898 580 3951 quae
604 3882 719 3937 adeantur
742 3912 775 3921 -
799 3887 880 3950 atque
904 3882 1019 3935 alantur
1043 3880 1147 3935 Baiter.
1189 3886 1266 3946 524.

92 3955 227 4021 respuerit
249 3985 283 3993 -
306 3954 410 4022 respuit
433 3952 549 4007 Goethe.
586 3958 601 4018 5
621 3958 665 4007 18.
689 3953 829 4007 adstrictis
851 3984 881 3992 —
900 3953 1013 4007 adiectis
1033 3951 1153 4007 Hdschr.
1189 3957 1204 4018 5
1223 3958 1266 4006 40.

89 4030 180 4092 posset
198 4027 335 4093 —possit
352 4024 471 4079 Hdschr.
519 4030 533 4090 5
553 4030 595 4079 44.
615 4025 774 4079 laudandus
792 4030 830 4078 est
853 4055 887 4063 -
907 4024 1065 4078 laudandus
1083 4022 1211 4090 Hdschr.,
1231 4023 1266 4079 cf.
1367 4020 1369 4023 ’

92 4094 227 4150 Deiterd.
237 4095 298 4150 cod.
305 4095 385 4150 Voss.
393 4114 421 4165 p.
432 4102 474 4152 21.
495 4102 561 4162 547.
568 4102 739 4164 praestantes
749 4096 1043 4165 -praestantissimae
1053 4093 1161 4147 Nonius
1170 4112 1197 4162 p.
1205 4099 1265 4163 432,

93 4165 189 4234 Klotz,
209 4166 435 4222 Forchhammer.
468 4167 505 4222 ib.
524 4169 685 4223 tantundem
703 4168 828 4223 absit-
848 4168 1009 4222 tantundem
1026 4167 1176 4234 undique
1194 4166 1267 4220 absit

93 4235 197 4303 Meyer.
226 4244 299 4303 561.
318 4238 391 4306 quod
404 4240 498 4294 multis
513 4270 546 4280 -
560 4240 632 4308 quod
650 4256 717 4294 nvn
734 4239 829 4294 multis
844 4237 1028 4293 Schoemann.
1057 4242 1130 4302 563.
1149 4238 1267 4306 opplevit

51 4322 55 4328 ’
93 4314 226 4362 exsectum
249 4341 283 4350 -
307 4310 424 4379 opplevit
448 4314 508 4365 esse‘
527 4317 660 4365 exsectum
684 4309 831 4364 Heindorf.
873 4315 889 4376 5
912 4316 954 4364 66.
981 4315 1120 4378 nuptam
1147 4309 1266 4363 dicunt

93 4378 283 4448 Proserpinam
303 4413 329 4420 --
341 4381 535 4451 Proserpinam
549 4388 688 4452 nuptam
697 4381 802 4451 Mayor.
825 4387 890 4448 571.
901 4381 1110 4451 nuncupaverit,
1119 4381 1168 4435 bac
1181 4396 1224 4433 eos
1235 4410 1266 4420 -·

146 4487 251 4542 oleario,
262 4499 297 4533 ns
308 4498 407 4533 11111111
419 4499 533 4539 onosma
1028 4474 1068 4520 m
