2790 4800
142 223 186 288 94
528 217 578 271 na
597 217 752 271 ulrum
769 216 931 273 nnonuu.

80 394 131 444 122
141 382 204 446 erit
227 381 388 468 gentium,
411 404 431 445 a
453 380 548 445 nobis
572 379 735 466 diligetur.
780 379 851 446 Vos
874 383 984 445 autem
1012 380 1090 465 quid
1118 381 1198 445 mali
1221 380 1316 467 datis,

143 494 216 536 curn
235 474 270 534 i‘ii
292 470 519 535 imbecillitate
543 469 818 555 gratificationem
841 473 874 534 et
897 469 1159 534 benevolentiam
1177 470 1314 554 ponitisl

141 559 188 625 Ut
211 560 298 625 enim
323 559 474 624 omittam
497 558 564 623 vim
587 562 621 622 et
647 562 800 623 naturam
823 559 970 642 deorum,
997 581 1039 623 ne
1068 557 1219 624 homines
1247 559 1317 645 qui·

38 659 40 663 ‘
141 649 213 713 dem
251 648 404 732 censetis,
446 647 511 711 nisi
554 647 710 712 imbecilli
746 652 868 733 essent,
914 646 1050 712 futuros·
1081 648 1245 713 beneficos
1282 651 1317 714 et

140 737 300 824 benignos
332 735 456 800 fuisse?
510 735 611 800 Nulla
643 740 694 801 est
727 737 845 801 caritas
875 736 1036 801 naturalis
1070 736 1158 802 inter
1187 736 1352 803 bonosls

142 824 277 892 Carum
300 826 409 909 ipsum
431 825 567 890 verbum
596 829 646 889 est
674 825 808 910 amoris,
843 848 882 890 ex
910 847 974 910 quo
1004 825 1167 890 amicitiae
1194 848 1317 891 nomen

141 920 191 980 cst
215 916 361 999 ductum,
385 937 483 999 quam
506 914 535 977 si
557 915 598 978 ad
620 913 764 978 fructum
787 918 938 979 nostrum
960 913 1152 999 referemus,
1178 937 1247 979 non
1275 914 1316 980 ad

140 1004 229 1068 illius
254 1003 435 1088 commoda,
460 1025 557 1088 quem
580 1003 767 1090 diligemus,
789 1026 857 1068 non
881 1003 944 1068 erit
972 1003 1039 1068 ista
1068 1004 1228 1088 amicitia,
1259 1003 1317 1069 sed

140 1097 324 1157 mercatura
360 1092 518 1177 quaedam
554 1092 738 1157 utilitatum
770 1115 910 1157 suarum.
964 1091 1064 1156 Prata
1101 1096 1135 1157 et
1170 1115 1250 1157 arva
1282 1097 1316 1158 et

139 1182 300 1265 pecudum
332 1203 448 1267 greges
481 1181 663 1267 diligimtur
692 1181 757 1246 isto
788 1182 899 1266 mode,
931 1180 1018 1265 quod
1045 1181 1172 1246 fructus
1204 1204 1244 1248 ex
1273 1181 1315 1247 iis
1335 1202 1368 1246 ro·

141 1270 326 1355 capiuntur,
348 1269 519 1335 hominum
542 1269 661 1335 caritas
685 1273 718 1334 et
741 1270 887 1335 amicitia
909 1270 1056 1356 gratuita
1076 1274 1136 1336 est.
1183 1268 1317 1345 Quanto

139 1358 243 1445 igitur
265 1359 371 1446 magis
394 1359 542 1444 deorum,
565 1359 622 1443 qui
643 1359 735 1423 nulla
754 1381 789 1423 re
808 1363 942 1445 egentes
962 1362 995 1424 et
1013 1359 1100 1423 inter
1118 1381 1153 1424 se
1171 1359 1317 1446 diligunt

140 1453 173 1512 et
186 1447 374 1513 hominibus
395 1448 582 1513 consulunt!
608 1446 702 1523 Quod
718 1448 755 1512 ni
772 1447 820 1512 ita
839 1448 897 1533 sit,
915 1449 994 1534 quid
1012 1470 1216 1532 veneramur,
1236 1448 1317 1534 quid

139 1559 309 1620 precamur
338 1536 438 1602 deos?
475 1559 532 1602 cur
561 1536 662 1602 sacris
690 1536 876 1621 pontifices,
906 1559 963 1602 cur
990 1536 1144 1621 auspiciis
1172 1558 1315 1623 augures

138 1625 317 1709 praesunt?
350 1625 427 1710 quid
450 1629 602 1710 optamus
626 1648 646 1690 a
668 1626 717 1690 dis
741 1625 1005 1691 immortalibus?
1035 1626 1113 1711 quid
1135 1625 1315 1692 vovemus?
1334 1645 1365 1689 rs

77 1713 185 1778 123At
209 1715 308 1778 etiam
331 1714 414 1778 liber
437 1719 487 1778 est
509 1714 644 1799 Epicuri
663 1714 702 1779 de
721 1715 906 1780 sanctitate.
943 1714 1101 1779 Ludimur
1119 1715 1160 1780 ab
1179 1714 1314 1781 homine

137 1825 206 1867 non
237 1806 306 1867 tam
337 1802 444 1868 faceto
476 1825 573 1887 quam
603 1804 644 1867 ad
674 1803 837 1869 scribendi
866 1804 1033 1868 licentiam
1063 1803 1175 1868 libero.
1223 1802 1314 1879 Quae
1360 1870 1365 1878 ,

139 1891 225 1956 enim
253 1896 364 1976 potest
387 1914 458 1956 esse
481 1892 653 1977 sanctitas,
681 1893 709 1957 si
732 1893 778 1956 dii
800 1892 944 1957 humana
965 1915 1033 1958 non
1056 1892 1195 1958 curant?
1229 1915 1315 1979 quae

138 1986 249 2045 autem
268 1981 415 2046 animans
433 1984 553 2045 natura
570 1980 654 2045 nihil
673 1981 812 2046 curans?
840 1980 959 2047 Verius
974 1986 1026 2046 est
1038 1981 1143 2068 igitur
1155 1980 1314 2047 nimirum

138 2069 232 2154 illud,
262 2070 349 2155 quod
378 2069 550 2135 familiaris
581 2070 727 2135 omnium
755 2074 906 2135 nostrum
934 2069 1128 2136 Posidonius
1156 2070 1313 2136 disseruit
1331 2091 1362 2132 so

137 2159 173 2223 in
198 2159 283 2224 libro
311 2159 427 2245 quinto
455 2159 494 2223 de
520 2164 639 2224 natura
667 2159 813 2245 deorum,
840 2160 948 2225 nullos
972 2181 1043 2224 esse
1066 2160 1144 2225 deos
1166 2158 1329 2244 Epicuro·

107 2246 109 2250 ⁴
137 2248 253 2331 videri,
284 2270 429 2333 quaeque
459 2248 487 2312 is
516 2248 555 2312 de
582 2248 632 2313 dis
659 2248 901 2314 immortalibus
929 2248 1061 2334 dixerit,
1089 2248 1231 2314 invidiae
1262 2249 1315 2314 de·

137 2336 306 2400 testandae
336 2336 443 2422 gratia
472 2336 601 2402 dixisse.
646 2336 762 2422 Neque
789 2338 876 2402 enim
903 2341 972 2402 tam
1000 2337 1162 2422 desipiens
1184 2336 1314 2423 fuisset,

137 2428 175 2489 ut
206 2425 396 2489 homunculi
427 2425 567 2489 similem
599 2426 695 2490 deum
726 2427 879 2513 fingeret,
910 2425 1110 2491 liniamentis
1141 2427 1313 2492 dumtaxat

138 2514 305 2598 extremis,
326 2535 394 2578 non
415 2513 532 2578 habitu
555 2514 672 2600 solido,
695 2515 851 2580 membris
874 2515 1017 2580 hominis
1040 2515 1226 2599 praeditum
1245 2537 1313 2580 om·
1331 2535 1361 2577 is

136 2602 248 2687 nibus,
275 2625 337 2666 usu
364 2602 586 2668 membrorum
612 2626 653 2668 ne
676 2605 812 2669 minimo
837 2604 981 2690 quidem,
1009 2604 1126 2669 exilem
1149 2604 1314 2690 quendam

138 2695 236 2775 atque
250 2690 459 2776 perlucidum,
477 2690 561 2756 nihil
575 2692 726 2778 cuiquam
741 2694 949 2778 tribuentem,
962 2692 1047 2757 nihil
1061 2692 1313 2779 gratificantem,

138 2781 271 2844 omnino
293 2779 377 2845 nihil
401 2785 581 2865 curantem,
603 2782 688 2846 nihil
711 2787 871 2868 agentem.
914 2781 1004 2858 Quae
1026 2786 1145 2847 natura
1166 2783 1314 2868 primurn

174 3051 198 3099 1.
217 3046 290 3100 dotis
308 3071 335 3091 =
354 3046 472 3113 offertis,
498 3062 528 3100 so
555 3047 696 3113 domnum,
786 3052 811 3101 9.
834 3052 989 3101 mercatura
1010 3046 1150 3114 quaedam.
1192 3045 1312 3116 Senep.

138 3116 265 3184 dolorem,
276 3118 440 3186 perniciem,
460 3119 564 3173 luctum
582 3118 648 3172 dare
666 3115 695 3170 in
751 3123 775 3184 9,
787 3125 816 3173 9:
835 3118 910 3186 Ista,
931 3134 1013 3185 quom
1031 3122 1063 3172 tu
1077 3118 1216 3186 describis,
1230 3134 1311 3188 nepo·

137 3186 187 3240 der
223 3187 347 3257 Sprache
388 3188 437 3242 des
479 3188 696 3258 gewthnlichen
749 3190 829 3244 ti'ati‘o
856 3194 894 3243 est
921 3205 978 3242 iioii
1005 3189 1145 3255 amicitia,
1177 3205 1247 3258 quoe
1272 3188 1313 3244 od

137 3257 254 3311 Lebens.
291 3258 355 3327 Vgl.
371 3259 417 3326 Ill,
429 3264 472 3314 66.
749 3260 917 3315 commodum
932 3260 1049 3325 accedit,
1068 3276 1151 3330 quae,
1165 3261 1233 3329 quid
1247 3276 1312 3316 cou-

173 3335 197 3382 2.
212 3330 244 3381 i'ii
267 3330 456 3385 imbecillitate.
485 3329 550 3399 Vgl.
560 3329 636 3384 Lael.
647 3336 694 3385 29:
748 3337 877 3386 secuturo
893 3332 945 3397 cit,
962 3337 1074 3400 spiam.

136 3399 481 3483 luamleOl‘sslistml
494 3403 520 3485 ⁸25
533 3402 695 3485 imputasti
783 3435 898 3475 suorum
924 3419 970 3472 fiir
996 3425 1164 3487 nostrarum,
1192 3436 1213 3475 s.
1237 3425 1252 3486 5
1274 3424 1311 3474 87

136 3466 171 3524 ab
199 3471 382 3525 imbecillitate
404 3473 559 3540 proficisci,
589 3478 622 3527 ut
648 3479 694 3539 eit,
747 3509 770 3546 Ζ,
784 3492 840 3546 ,ibi
857 3492 1008 3561 displicere,

131 3557 279 3681 aaa
1087 3577 1313 3706 remp,

136 3690 160 3739 et
178 3686 290 3739 minime
304 3700 475 3756 generosum,
493 3692 525 3741 iit
539 3687 693 3754 i'tadi'cam,
746 3652 852 3777 {m’
863 3666 1088 3777 ,fflep'ebff’
1115 3654 1162 3704 ⁷⁶·
1190 3655 1223 3704 w
1300 3668 1313 3706 ⁸

135 3763 225 3811 onum
243 3757 389 3811 cmi'ci'ti'ue.
953 3739 971 3792 9

163 3833 195 3909 Ι7.
210 3828 378 3908 adstrictum
396 3835 520 3884 nostrum
537 3830 692 3918 referemus,
783 3834 825 3884 17.
844 3844 901 3883 iioii
918 3833 976 3883 tam
992 3829 1091 3895 faceto,
1109 3825 1163 3882 wie
1177 3832 1193 3893 5
1207 3831 1255 3883 86:
1275 3828 1312 3883 de

135 3914 188 3952 wre
216 3897 336 3967 Epihur:
364 3899 412 3952 καὶ
439 3897 490 3968 τὴν
519 3900 618 3967 φιλίαν
644 3902 693 3954 δια
746 3900 853 3956 homine
871 3901 983 3954 minime
1000 3900 1094 3966 vafre,
1113 3898 1206 3966 Ilio:
1230 3899 1313 3971 herpo

134 3967 184 4092 Ξὰς
202 3971 298 4039 χρείας
316 3973 479 4058 χίγνεσᾷαι,
504 3970 590 4052 Diog3
601 3970 693 4026 Laert.
747 3988 804 4027 iioii
822 3971 982 4040 aptissimus
999 3972 1037 4025 od
1054 3970 1211 4025 iocandum.

134 4046 252 4192 arti·
269 4041 694 4181 ..castiniensi
843 4077 1019 4145 aa...
1038 4094 1059 4132 ..
1074 4075 1147 4130 ii
1162 4079 1177 4141 i

133 4198 187 4249 ne,
211 4181 318 4236 welche
339 4183 395 4238 den
413 4183 575 4239 hrassestcn
594 4182 692 4252 Egois·
781 4168 1310 4252 tutamdisipiensfiiisset.Derllbcr-

133 4269 194 4306 mus
222 4254 264 4306 als
292 4252 382 4308 Motiv
410 4253 461 4310 der
487 4254 694 4310 Freundschaft
745 4271 822 4325 gang
844 4272 894 4309 aus
918 4254 969 4308 der
991 4256 1061 4308 orat
1077 4252 1193 4323 obliqua
1210 4252 1242 4308 in
1259 4253 1313 4311 die

132 4321 276 4389 hinstellt,
303 4324 340 4379 ab
364 4325 422 4380 und
444 4324 544 4382 fallten
567 4325 692 4382 dissolbe
746 4330 816 4382 orat.
835 4327 924 4394 recta,
953 4324 1007 4381 wie
1034 4324 1115 4380 nicht
1142 4325 1236 4380 seiten
1259 4324 1313 4381 bei

130 4392 241 4448 idealer
260 4395 315 4450 auf.
746 4397 844 4453 Cicero
862 4397 893 4452 in
911 4395 1031 4452 Oitaten.
1068 4395 1133 4466 Vgl.
1148 4396 1183 4465 ll,
1195 4400 1257 4453 125.
