2790 4800
444 261 926 332 nin.1.cAP.ao,ar.rcs-ea
1233 268 1276 334 75

92 433 195 514 atque
222 426 332 512 ipsum
361 426 425 492 sibi
452 426 637 511 displiceret
683 425 738 491 An
767 431 804 491 tu
831 427 896 491 mei
920 427 1061 493 similem
1083 433 1181 512 putas
1205 451 1275 494 esse

92 521 154 584 aut
176 515 227 582 tui
249 515 367 581 deum?
403 514 556 580 Profecto
579 537 647 580 non
668 521 776 601 putas.
813 513 899 592 Quid
919 517 1021 602 ergo?
1047 517 1150 582 solem
1168 518 1273 583 dicam

92 610 154 672 aut
180 606 292 671 lunam
315 609 373 670 aut
395 604 521 670 caelum
544 604 662 670 deum?
708 604 799 691 Ergo
822 605 923 670 etiam
946 605 1101 671 beatum?
1148 604 1273 683 Quibus
1331 674 1334 678 ,

91 695 260 762 fruentem
284 693 534 778 voluptatibus?
579 693 626 758 Et
655 694 860 779 sapientem?
908 694 971 770 Qui
1001 699 1113 780 potest
1141 718 1211 761 csse
1239 696 1275 760 in

52 803 73 846 s
93 782 287 850 eiusmodi
319 787 435 848 trunco
469 783 653 867 sapientia?
698 783 790 849 Haec
820 787 932 848 vestra
964 790 1049 850 sunt.
1103 782 1139 849 si
1170 785 1275 871 igitur
1293 796 1326 845 85

91 895 155 940 neo
176 871 320 938 humano
344 893 466 955 corpore
483 878 557 936 sunt
574 874 621 956 di,
645 872 732 957 quod
751 873 859 958 docui,
882 895 942 938 nec
961 873 1021 939 tali
1040 873 1164 959 aliquo,
1187 875 1274 959 quod

92 962 159 1028 tibi
180 960 229 1027 ita
250 982 443 1046 persuasum
466 965 529 1046 est,
557 960 636 1046 quid
658 961 789 1026 dubitas
812 983 933 1048 negare
957 963 1034 1028 deos
1058 962 1151 1028 esse?
1196 962 1274 1028 Non

93 1051 204 1118 audes.
256 1048 429 1134 Sapienter
463 1049 498 1114 id
535 1050 679 1136 quidem,
716 1051 780 1115 etsi
815 1050 878 1116 hoc
913 1051 984 1116 loco
1016 1073 1084 1116 non
1115 1053 1274 1137 populum

93 1139 229 1224 metuis,
259 1138 316 1204 sed
343 1138 434 1223 ipsos
465 1139 551 1204 deos.
603 1138 691 1204 Novi
721 1161 783 1226 ego
813 1138 993 1224 Epicureos
1024 1140 1134 1205 omnia
1163 1141 1274 1228 sigilla

40 1248 75 1290 ro
93 1231 301 1314 venerantes3
334 1250 533 1313 quamquam
555 1228 649 1293 video
672 1250 741 1294 non
761 1229 861 1293 nullis
884 1228 988 1293 videri
1010 1228 1204 1316 Epicurum,
1231 1252 1282 1295 ne

92 1318 132 1384 in
158 1317 371 1384 offensionem
398 1315 652 1382 Atheniensium
680 1318 822 1403 caderet,
849 1317 958 1382 verbis
985 1317 1158 1402 reliquisse
1186 1319 1273 1404 deos,

92 1429 131 1473 re
160 1404 342 1473 sustulisse.
386 1405 503 1491 Itaque
532 1406 568 1470 in
597 1406 663 1471 illis
695 1407 824 1471 selectis
855 1406 924 1471 eius
955 1406 1173 1491 brevibusque
1204 1429 1274 1472 sen-

92 1495 223 1582 tentiis,
253 1517 334 1581 quas
357 1495 532 1580 appellatis
555 1498 670 1578 κυρίας
693 1492 807 1580 δόξας,
834 1495 928 1580 haec,
951 1499 989 1559 ut
1013 1495 1143 1581 opinor,
1166 1497 1273 1580 prima

93 1583 259 1651 sententia
288 1588 352 1649 est:
381 1581 507 1660 ‘Quod
536 1584 693 1649 beatum
723 1589 761 1649 et
788 1584 1009 1649 immortale
1037 1589 1109 1670 cst,
1139 1585 1177 1649 id
1203 1607 1273 1650 nec

41 1693 73 1735 ια
92 1673 213 1739 habet
239 1695 307 1738 nec
335 1672 496 1738 exhibet
523 1673 701 1758 cuiquam
729 1669 958 1759 negotium’.
1004 1672 1044 1738 In
1066 1673 1129 1738 hac
1151 1675 1199 1739 ita
1222 1697 1273 1739 ex·
1292 1674 1333 1739 31

91 1762 204 1849 posita
231 1762 394 1827 sententia
422 1766 499 1827 sunt
522 1762 579 1848 qui
602 1762 804 1847 existiment,
832 1763 918 1847 quod
942 1762 998 1827 illc
1020 1762 1153 1828 inscitia
1175 1764 1272 1848 plane

92 1851 249 1938 loquendi
277 1850 415 1937 fecerat,
444 1850 562 1916 fecisse
593 1852 757 1937 consulte,
790 1850 829 1916 de
856 1851 988 1916 homine
1017 1852 1151 1916 minime
1179 1852 1271 1918 vafro

92 1941 180 2006 male
202 1939 400 2005 existimant.
441 1939 588 2005 Dubium
611 1944 662 2005 est
685 1940 785 2024 enim,
807 1945 919 2004 utrum
942 1941 1030 2005 dicat
1053 1940 1175 2025 aliquid
1200 1963 1271 2007 esse
1291 1953 1325 2003 86

92 2031 228 2095 beatum
247 2034 280 2094 et
297 2028 497 2115 immortale,
521 2052 576 2114 an,
601 2028 629 2094 si
649 2029 726 2114 quid
746 2029 797 2095 sit.
839 2027 917 2094 Non
935 2029 1199 2094 animadvertunt
1217 2029 1272 2095 hic

40 2140 73 2181 ao
92 2141 170 2184 eum
191 2118 343 2205 ambigue
366 2118 514 2183 locutum
537 2139 621 2203 csse,
647 2118 704 2184 scd
726 2117 839 2182 multis
864 2118 937 2182 aliis
960 2118 1041 2183 locis
1066 2122 1099 2182 ct
1121 2118 1215 2182 illum
1239 2122 1272 2184 et

92 2207 319 2274 Metrodorum
346 2211 415 2272 tem
442 2211 554 2292 aperte
581 2230 679 2292 quam
701 2207 799 2292 paulo
823 2211 899 2271 ante
923 2211 964 2272 te.
1010 2206 1070 2272 Ille
1092 2229 1170 2272 vcro
1194 2208 1271 2273 deos

132 2388 156 2437 1.
170 2383 226 2439 cibi
245 2383 405 2453 displicere!
431 2381 497 2436 Man
521 2384 654 2437 erwartet
743 2388 769 2437 8.
795 2383 845 2438 hoc
870 2383 936 2450 loco,
962 2398 1006 2436 wo
1033 2380 1085 2436 wir
1110 2385 1194 2437 unter
1218 2400 1272 2437 uns

92 2455 163 2521 riot-
180 2453 269 2508 durch
286 2454 343 2509 αἱαὶ
359 2451 432 2507 wird
450 2453 500 2507 der
518 2451 655 2508 Gedanke
709 2452 781 2509 sind.

92 2522 349 2594 uerallgemeinert.
385 2523 421 2578 So
440 2523 511 2579 wird
530 2523 580 2578 das
599 2525 653 2580 Ite-
745 2530 787 2579 12.
812 2525 917 2594 Itaque.
959 2523 1044 2579 Diese
1070 2523 1197 2579 Partikel
1222 2541 1270 2594 ge·

92 2595 335 2667 flexirpronomen
375 2595 447 2650 auch
489 2595 563 2651 ohne
602 2596 654 2650 Be·
708 2596 775 2650 hort
789 2595 945 2666 eigentlich
963 2614 997 2650 zu
1015 2595 1080 2651 dem
1098 2595 1151 2650 mit
1165 2596 1203 2651 In
1220 2597 1272 2652 iac

92 2667 217 2737 ziehung
248 2666 300 2721 auf
327 2665 374 2721 ein
408 2666 654 2736 vorhergehendes
708 2669 751 2723 ita
769 2668 892 2738 expositu
914 2669 1050 2723 scatentia
1072 2666 1271 2738 beginnenden

93 2737 217 2808 subjekt
234 2739 305 2793 dazu
321 2738 491 2808 gebraucht‚
510 2755 556 2791 um
571 2755 656 2793 unser
710 2738 877 2805 Gedanken,
897 2739 962 2792 dem
975 2738 1025 2792 der
1039 2739 1271 2809 vorhergehende

10 2839 22 2854 ι
93 2805 654 2879 deutsches‘man,einer'auszudriicken.
710 2808 775 2864 Sata
816 2809 1038 2879 untergeordnet
1079 2809 1139 2865 sein
1177 2810 1271 2866 sollte.

91 2880 423 2951 Vgl.lll,88:aceipco,
442 2881 595 2948 Acad.l‚4‚
607 2887 654 2936 162
708 2880 791 2935 Denn
817 2898 871 2934 nur
899 2880 988 2934 durch
1016 2880 1075 2948 die,
1104 2880 1158 2935 wie
1187 2880 1271 2935 Cotta

92 2953 161 3010 haec
182 2957 221 3008 ert
238 2968 298 3008 mea
316 2953 405 3008 omnic
422 2953 575 3021 capientia,
598 2969 656 3007 aon
709 2951 810 3020 meint‚
831 2950 1018 3006 absichtliche
1033 2950 1271 3020 Zweideutigkeit

92 3024 244 3092 arbitrari,
273 3039 302 3078 ce
329 3025 412 3091 coire,
442 3024 514 3092 qaod
542 3025 654 3079 ααααι.
709 3022 830 3093 Epikurs
857 3022 936 3075 kann
963 3021 1013 3075 der
1040 3021 1106 3076 Satz
1131 3021 1272 3093 bestttigt

92 3094 149 3150 Ein
185 3093 331 3149 ahnlicher
360 3093 493 3148 Wechsel
529 3094 582 3148 wic
619 3109 657 3149 en
709 3094 835 3161 werden,
864 3093 952 3166 certic
978 3093 1119 3162 reliquisse
1142 3094 1218 3161 deoc,
1241 3109 1271 3149 re

93 3182 211 3221 unserer
233 3164 323 3230 Stella
350 3165 439 3220 findet
466 3164 529 3220 sich
556 3171 655 3232 §1222
709 3165 858 3220 suctoiiscc.
911 3162 1049 3218 Ahnliche
1086 3162 1269 3235 Nachltssig·

93 3238 249 3296 malderum
266 3252 390 3292 cruram.
708 3235 806 3290 keiton
817 3235 868 3290 der
880 3233 1053 3290 Dictionbei
1067 3236 1159 3305 itaque
1172 3235 1268 3292 finden

85 3357 89 3365 .
130 3314 156 3363 2.
183 3309 264 3364 colem
277 3308 369 3364 dicam
392 3310 446 3363 etc.
477 3307 655 3363 Zusammen·
709 3306 770 3361 sich
784 3306 863 3360 Tusc.
879 3307 913 3375 Il,
925 3312 968 3373 62,
987 3307 1022 3361 de
1042 3309 1112 3362 orat.
1128 3308 1162 3374 li,
1172 3312 1234 3364 21⁷.

93 3379 184 3450 hang:
203 3379 247 3433 Da
264 3379 458 3450 wirgesehen
471 3379 577 3448 haben,
598 3378 655 3434 dat
747 3384 788 3433 13.
808 3379 908 3448 κυρίας
926 3375 1026 3447 δόξας,
1046 3396 1067 3434 s.
1083 3384 1172 3446 §5433
1192 3385 1235 3434 45.

94 3451 142 3506 die
161 3449 262 3506 Gtttcr
282 3450 364 3505 nicht
386 3450 656 3507 menschenthnlich
747 3455 788 3504 16.
807 3451 921 3505 inscitia
930 3451 1017 3519 picae
1031 3451 1165 3520 loquendi.
1194 3451 1271 3506 Statt

94 3522 172 3591 sind,
196 3538 228 3577 so
249 3521 341 3577 bleibt
358 3540 412 3576 nur
429 3523 504 3577 noch
523 3523 573 3576 der
592 3521 655 3577 eine
711 3521 790 3592 Quod
808 3522 916 3576 beatum
934 3527 959 3576 et
973 3522 1125 3577 immortale
1139 3528 1177 3577 est
1191 3522 1270 3576 httte

93 3594 218 3664 Aueweg
242 3592 338 3664 iibrig,
365 3592 459 3649 Sonne
484 3593 543 3647 und
568 3593 655 3647 Mond
710 3608 741 3646 er
759 3591 872 3646 einfach
890 3594 957 3648 deoc
975 3608 1063 3662 sagen
1082 3593 1184 3659 sollcn‚
1205 3591 1271 3646 weil

93 3665 141 3720 fiir
165 3663 266 3720 Gotter
292 3682 326 3719 zu
353 3665 466 3748 hulten..
504 3664 581 3720 Aber
607 3665 655 3718 da·
709 3679 776 3718 man
795 3663 893 3717 diesen
908 3663 973 3718 Satz
992 3664 1065 3718 auch
1087 3661 1271 3718 kondicional

93 3736 656 3878 hiiedehehhhiirhtlirigihliiiidridrii
710 3734 987 3888 auiiis'sledletiddloiuc
1011 3822 1061 3859 aus
1086 3803 1269 3887 hampsakus

93 3878 149 3935 Die
165 3879 279 3934 Worte=
297 3879 375 3951 Erpo
392 3881 476 3934 etiam
494 3881 602 3935 beatam
621 3909 656 3920 -
710 3877 761 3931 der
778 3877 1039 3948 L1eblrngsschdler
1056 3875 1186 3946 Eprkurs.
1204 3876 1269 3944 igi

93 3949 337 4022 mamercino
362 3949 423 4005 also
442 3949 482 4003 im
502 3949 586 4004 Sinne
606 3950 655 4004 des
710 3949 934 4018 §1132Epicuri
942 3949 1043 4018 colicpa
1051 3949 1204 4016 sapientiae
1213 3947 1271 4001 und

93 4018 224 4078 Velleius
248 4021 426 4093 gesprochen
450 4020 540 4092 (Haec
566 4027 656 4077 oestro
710 4020 745 4073 de
763 4019 810 4075 fin.
826 4020 918 4086 lton:
933 4036 1024 4088 paene
1037 4020 1107 4074 alter
1120 4018 1270 4088 Epicurus.

94 4098 172 4163 eunt)
710 4091 775 4145 Von
800 4090 898 4145 seinen
922 4089 1101 4144 zahlrcichen
1129 4088 1272 4144 Schriften

131 4170 158 4222 t.
175 4163 350 4233 trencmder
358 4163 471 4234 Rumpf,
482 4164 547 4219 dem
560 4163 658 4234 Haupt
711 4161 775 4216 sind
793 4180 846 4215 nur
874 4160 1014 4231 sptrliche
1032 4160 1201 4231 Fragmenta
1229 4177 1272 4216 er·

94 4236 154 4291 und
171 4234 289 4293 Glieder
303 4235 408 4304 iehlen,
427 4235 487 4289 und
506 4235 570 4288 dem
595 4235 656 4290 des·
711 4233 818 4288 halten.

94 4304 289 4363 imbuemur
307 4308 366 4362 und
380 4305 522 4362 Verstand
540 4305 656 4377 abgeht.
747 4321 829 4374 quam
843 4304 932 4374 paolo
957 4309 1021 4359 anie
1044 4310 1070 4361 te
1093 4305 1163 4359 statt
1185 4305 1273 4374 puolo

131 4384 158 4435 6.
185 4378 241 4436 aii
270 4379 378 4450 deuo,
409 4376 462 4433 mit
487 4378 583 4449 Bezug
610 4376 661 4433 auf
711 4381 776 4430 oute
793 4382 826 4431 tu
844 4392 882 4430 sc.
898 4376 1004 4431 locutae
1022 4392 1057 4433 ea
1083 4375 1136 4430 Dic
1156 4375 1272 4430 Attrah-

94 4450 179 4509 eelom
196 4448 288 4509 clim
302 4480 338 4495 ·-
353 4450 442 4508 eom.
711 4445 776 4502 tion
791 4445 859 4503 tritt
877 4446 937 4518 ein,
959 4446 1063 4502 indern
1087 4447 1170 4501 audo
1193 4444 1294 4496 dieser
