2790 4800
116 255 183 321 240
280 251 330 305 uu
348 250 503 305 uluusl
520 248 684 307 ouosuu.
706 248 774 305 uis.
790 250 836 304 111.
852 247 929 304 ele.
944 255 987 305 40.
1002 255 1074 320 ser,
1090 257 1134 306 os.

117 415 207 500 fioes,
231 419 362 479 sanctos
386 437 457 480 esse
480 413 589 479 dicitis
610 413 864 500 diligentiusque
883 414 999 478 urbem
1016 415 1178 505 religione
1197 442 1292 503 quam

117 503 198 589 ipsis
217 504 388 569 moenibus
408 502 555 589 singilis,
580 525 661 588 quae
680 502 786 567 deseri
803 525 823 567 a
841 525 902 588 me,
921 502 999 568 dum
1018 504 1150 588 quidem
1169 507 1291 591 spirare

63 606 98 655 ee
117 597 247 678 potero,
270 592 362 658 nefas
385 592 501 656 iudico.
548 591 632 656 Tum
651 589 762 656 Cotta:
784 591 858 677 Ego
881 614 958 656 vero
982 596 1016 656 el
1042 598 1121 677 oplo
1141 596 1292 680 redargui

117 704 183 768 me,
206 680 324 767 Balbe,
348 685 380 746 et
404 704 455 766 ea,
478 703 560 766 quae
584 680 762 765 disputavi,
785 680 943 745 disserere
967 681 1068 746 malui
1092 705 1192 767 quam
1214 686 1292 750 iudi-

117 793 191 835 oare
214 774 248 835 et
269 771 365 836 facile
383 792 435 834 me
459 793 478 834 a
501 774 534 834 te
556 769 644 834 vinci
666 791 763 852 posse
787 773 876 835 aerio
900 769 978 834 seio.
1025 768 1161 857 Quippe,
1185 773 1315 859 inquits

117 859 272 944 Velleius,
296 859 353 944 qui
377 859 477 924 etiam
500 858 627 924 somnia
649 863 744 942 pudet
767 858 808 922 ad
830 881 890 923 nos
914 859 1005 924 mitti
1028 860 1069 924 ab
1092 860 1186 948 Iove,
1211 886 1290 949 quae

38 994 47 1001 ae
116 949 189 1032 ipsa
211 953 322 1013 lamen
340 953 409 1013 tam
428 947 512 1013 levia
528 969 597 1012 uon
616 951 701 1032 sunt,
725 969 822 1031 quam
842 952 893 1012 est
912 946 1099 1013 Stoicorum
1118 950 1292 1017 denatura

117 1038 252 1101 deorum
276 1037 391 1102 oratio.
436 1036 527 1101 Haeo
550 1059 624 1102 oum
652 1040 762 1101 essent
794 1036 894 1122 dicia,
923 1037 972 1101 ida
1002 1037 1226 1126 discessimus,
1254 1045 1291 1105 ul

117 1125 244 1190 Velleio
256 1123 372 1191 Cellae
396 1125 577 1210 disputatio
595 1125 712 1210 verior,
735 1125 816 1188 mihi
834 1124 932 1190 Balbi
951 1127 991 1191 ad
1009 1127 1159 1193 veritalis
1179 1129 1291 1194 simili-

116 1215 263 1278 ludinem
286 1214 451 1280 viderelur
475 1237 545 1280 esse
566 1214 768 1299 propensior.
1006 1249 1013 1258 ·
1305 1236 1323 1276 u

153 1449 177 1496 1.
213 1449 322 1498 sanctos
365 1459 420 1498 esse
460 1443 561 1498 dicitas.
622 1440 676 1495 Die
731 1442 866 1510 indicare,
886 1441 933 1495 ein
948 1442 1120 1513 endgilliges
1134 1442 1228 1498 Urdeil
1242 1445 1289 1499 ob·
1332 1442 1338 1461 ¹

115 1513 233 1567 Mauern
251 1513 367 1579 sowohl‚
387 1514 429 1567 als
440 1513 486 1567 die
496 1529 584 1583 ganzo
594 1512 677 1567 suade
725 1514 830 1582 geben.
983 1552 986 1557 -

115 1583 216 1638 hatten
236 1584 325 1638 durch
344 1585 390 1639 die
409 1584 611 1653 lnauguration
629 1584 676 1639 die
766 1589 791 1638 5.
830 1584 937 1655 Quippe
955 1601 993 1638 se.
1011 1585 1095 1653 foede
1113 1586 1148 1640 ab
1173 1603 1203 1641 eo
1231 1588 1288 1642 oin·

115 1654 248 1720 religidse
285 1654 386 1710 Weihe
432 1655 568 1710 erhalden.
623 1654 675 1708 Die
730 1657 799 1710 ceris
816 1652 993 1724 ‘natdrlioh',
1011 1655 1144 1712 ironiseh.
1182 1657 1249 1726 Vgl.
1262 1676 1288 1727 p.

116 1725 296 1780 Sdadtmauer
316 1743 349 1779 zu
367 1726 517 1794 variamen,
536 1726 600 1795 gall
613 1725 675 1780 des·
729 1726 800 1782 Mur.
821 1733 867 1781 74:
886 1726 963 1797 Eryo
982 1728 1020 1782 ad
1038 1744 1132 1782 oenum
1147 1730 1289 1797 petitionis

115 1796 183 1850 halb
211 1797 256 1850 fiir
284 1795 331 1851 ein
358 1796 555 1866 Sakrilegium.
600 1797 676 1851 Plus.
730 1813 816 1852 cansa
833 1799 938 1866 siquis
959 1805 1051 1864 eoeot,
1077 1798 1289 1855 emedemnetne?

114 1867 195 1922 Rom.
208 1875 255 1923 ³11:
275 1863 354 1922 ἅπαν
374 1864 405 1923 τὰ
427 1875 518 1938 τεῖχος
537 1865 624 1937 ἱερόν.
731 1868 849 1939 Quippe,
877 1869 977 1938 inquit,
1003 1875 1035 1923 tn
1059 1871 1130 1924 ndi
1154 1887 1289 1926 summum

81 1980 85 1992 .
151 1946 176 1993 3.
195 1946 258 2009 opto
275 1941 414 2010 redorpni.
452 1941 521 2009 Opto
539 1940 592 1994 mit
610 1939 675 1994 dem
729 1941 873 2009 imperinm
894 1945 973 2008 petae
1002 1941 1126 2008 fovendis
1149 1942 1288 1997 dominnm

114 2010 193 2063 Infin.
232 2012 302 2064 stadt
337 2019 369 2066 nt
408 2010 498 2065 findet
533 2010 595 2065 sloh
626 2011 675 2066 bei
728 2013 852 2066 sensibus
883 2018 909 2066 et
940 2011 1107 2066 deleniendis
1134 2014 1239 2068 animes
1265 2018 1288 2068 ct

116 2079 213 2136 Cicero
236 2100 290 2136 nur
313 2082 388 2136 noch
406 2082 443 2135 ad
461 2081 527 2138 fem,
542 2082 576 2150 X,
598 2089 641 2150 20,
661 2098 674 2137 e
728 2083 891 2137 adhibendis
909 2083 1102 2152 voluptatibus.

114 2153 171 2206 und
192 2152 227 2207 de
247 2154 316 2208 orat.
331 2153 352 2221 I,
363 2158 406 2207 87.
764 2160 789 2208 9.
817 2154 887 2209 ndei
915 2185 947 2193 —
972 2155 1146 2225 propensior,
1175 2171 1197 2209 s.
1215 2153 1287 2208 Einl.

132 2223 673 2294 4.desserere,seineAnsiehlvordragen,
728 2230 800 2291 512.
877 2269 881 2278 .
