2790 4800
161 234 227 298 221
544 226 593 280 DE
611 224 765 279 NATURA
782 224 948 280 Dnonum

162 414 233 456 eam
257 413 389 455 causam
412 412 468 455 eos
491 389 684 454 beneficium
707 413 727 453 a
749 389 899 474 patribus
921 390 1050 453 nullum
1071 388 1202 454 habere.
1240 388 1341 465 Quis-

162 502 301 565 quamne
324 480 411 544 istuc
433 479 556 565 negat?
583 483 641 543 aut
667 501 749 563 quae
779 482 830 543 est
858 478 895 542 in
924 479 1099 545 collatione
1128 477 1195 542 ista
1224 479 1343 544 simili-

162 568 264 633 tudo?
318 566 389 633 Nec
418 568 506 632 enim
537 566 672 632 Herculi
701 589 819 632 nocere
851 566 1007 631 Deianira
1043 567 1162 651 voluit,
1200 589 1279 632 cum
1311 569 1341 634 ei

161 658 308 722 tunicam
349 657 508 743 sanguine
553 654 709 721 Centauri
752 657 892 721 tinctam
938 655 1041 741 dedit,
1083 678 1144 721 nec
1178 657 1341 741 prodesse

160 745 306 811 Pheraeo
330 745 441 810 Iasoni
472 745 515 831 is,
546 745 602 830 qui
631 745 741 832 gladio
771 745 932 810 vomicam
961 744 1031 809 eius
1061 745 1203 830 aperuit,
1236 766 1370 831 quami

161 857 276 901 sanare
302 835 419 899 medici
450 857 518 898 non
548 838 733 918 potuerant.
788 833 887 898 Multi
919 834 1007 898 enirn
1039 838 1085 918 et,
1116 856 1190 898 cum
1221 835 1341 901 obesse

160 925 294 1007 vellent,
316 923 512 1007 profuerunt
535 927 581 1008 et,
605 946 676 987 cum
701 922 869 1008 prodesse,
897 922 1082 987 obfuerunt.
1128 922 1181 987 Ita
1206 945 1280 988 non
1302 925 1341 991 fit

162 1036 200 1077 31
223 1035 275 1096 eo,
299 1012 385 1096 quod
415 1013 523 1096 datur,
552 1017 591 1076 ut
618 1013 771 1077 voluntas
801 1013 884 1094 eius,
915 1011 972 1097 qui
1001 1011 1140 1096 dederit,
1169 1019 1341 1099 appareat,

160 1123 234 1183 uec,
257 1101 286 1165 si
317 1101 360 1184 is,
393 1101 449 1186 qui
481 1101 620 1185 accepit,
652 1101 734 1165 bene
766 1101 885 1184 utitur,
917 1101 1039 1166 idcirco
1070 1101 1113 1185 is,
1146 1101 1204 1185 qui
1236 1101 1339 1188 dedit,

107 1212 140 1264 '11
161 1188 264 1254 amice
287 1190 384 1254 dedit.
431 1188 520 1265 Quae
544 1190 631 1254 enim
653 1189 769 1274 libido,
797 1212 880 1274 quae
909 1189 1060 1273 avaritia,
1091 1189 1178 1273 quod
1206 1189 1339 1258 facinus
1359 1213 1385 1254 13

161 1283 218 1343 aut
251 1279 429 1362 suscipitur
457 1279 523 1343 nisi
553 1278 689 1343 consilio
723 1283 819 1362 capto
852 1283 910 1343 aut
941 1279 1011 1343 sine
1047 1278 1149 1343 animi
1178 1283 1276 1355 motu
1306 1285 1340 1345 et

161 1367 376 1453 cogitatione,
407 1368 442 1431 id
476 1372 527 1432 est
558 1368 699 1452 ratione,
734 1367 925 1451 perficitur?
971 1365 1059 1432 Nam
1087 1367 1193 1432 omnis
1222 1368 1339 1452 opinio

160 1457 246 1521 ratio
269 1460 334 1541 est,
357 1461 391 1521 et
414 1456 545 1541 quidem
568 1457 655 1521 bona
672 1456 772 1541 ratio,
796 1456 825 1521 si
842 1479 933 1539 vera,
955 1456 1043 1520 mala
1060 1461 1180 1541 autern,
1203 1456 1234 1520 si
1253 1456 1340 1525 falsa

161 1550 211 1610 est
235 1545 355 1629 opinio.
402 1543 466 1609 Sed
488 1569 508 1609 a
537 1546 596 1609 deo
625 1550 756 1610 tantum
785 1545 947 1609 rationem
976 1544 1148 1629 habemus,
1177 1545 1208 1610 si
1238 1546 1338 1612 modo

160 1634 333 1718 habemus,
362 1635 483 1698 bonam
510 1638 621 1698 autem
649 1635 811 1698 rationem
843 1639 901 1698 aut
931 1656 999 1698 non
1028 1634 1148 1698 bonam
1179 1656 1199 1697 a
1228 1636 1339 1701 nobis.
1358 1657 1384 1699 13

160 1721 238 1787 Non
261 1723 360 1805 enirn,
382 1726 420 1786 ut
442 1723 678 1806 patrimonium
700 1723 911 1808 relinquitur,
935 1723 983 1788 sic
1011 1722 1097 1787 ratio
1128 1727 1179 1787 est
1207 1722 1340 1789 1131111111

160 1811 317 1876 beneficio
337 1812 470 1876 deorum
490 1811 574 1877 data.
613 1810 698 1887 Quid
716 1812 803 1876 enim
822 1812 932 1897 potius
950 1811 1139 1876 hominibus
1158 1811 1340 1899 dedissent,

161 1901 190 1964 si
212 1901 254 1965 113
276 1922 394 1965 nocere
421 1900 624 1966 voluissent?
677 1899 865 1965 Iniustitiae
897 1905 1021 1984 autem,
1052 1900 1340 1987 intemperantiae,

160 1989 348 2054 timiditatis
373 2011 455 2074 quae
473 1990 598 2054 semina
612 1994 735 2075 essent,
756 1990 785 2054 31
798 1989 850 2053 his
864 1990 955 2055 vitiis
975 1989 1061 2054 ratio
1075 2010 1144 2052 non
1162 1989 1339 2056 subesset?

97 2077 140 2142 29
160 2077 274 2143 Medea
296 2079 393 2143 modo
417 2083 451 2143 et
473 2077 594 2143 Atreus
623 2079 963 2144 commemorabantur
995 2101 1015 2142 a
1045 2078 1151 2161 nobis,
1182 2076 1339 2145 heroicae
1358 2093 1385 2134 ²⁰

159 2190 330 2253 personae,
354 2168 437 2232 inita
455 2169 678 2252 subductaque
697 2168 824 2232 ratione
842 2167 968 2233 nefaria
986 2167 1109 2232 scelera
1126 2167 1339 2238 meditantes.

196 2419 220 2467 3.
240 2412 299 2467 Nec
316 2414 388 2467 enim
406 2415 459 2468 etc.
495 2412 563 2467 Mau
577 2414 715 2482 erwartet,
771 2414 823 2468 her
842 2416 891 2483 qui
908 2415 991 2481 dedit
1011 2411 1056 2466 3111
1071 2411 1257 2468 instrulrtives
1271 2413 1339 2470 Bei-

161 2483 217 2537 (1111
254 2481 338 2537 Cotta
371 2483 444 2553 jetat
480 2484 535 2537 den
567 2483 717 2538 Nachweis
771 2485 843 2553 spiel
861 2483 907 2538 fur
929 2484 975 2538 die
994 2483 1096 2552 hagel,
1123 2481 1180 2537 dall
1208 2485 1340 2540 Relatis-

159 2554 258 2609 liefere
273 2571 327 2608 von
351 2555 401 2608 der
423 2554 645 2610 Unhaltbarkeit
667 2555 716 2608 des
771 2559 856 2623 31113,
875 2555 982 2610 welche
1001 2553 1064 2608 eine
1087 2554 1272 2625 uotwendige
1287 2557 1340 2610 Er-

160 2627 231 2679 eben
286 2626 473 2695 angefuhrten
524 2626 714 2695 Vergleiches.
770 2633 903 2696 genaung
943 2626 1020 2680 eines
1062 2625 1341 2695 konjunlrtivischen

159 2695 225 2749 Dies
249 2697 397 2765 geschieht
423 2695 504 2751 nicht
529 2699 598 2767 (3131
625 2703 640 2762 5
669 2705 715 2752 761
771 2698 962 2752 Nebensatzes
988 2697 1097 2766 bilden,
1126 2697 1269 2752 ebeufalls
1297 2698 1341 2753 im

158 2768 235 2821 Num
249 2769 421 2836 patrimonia
448 2798 482 2808 -
507 2767 620 2838 potuit?
645 2767 716 2822 wird
770 2769 948 2839 Konjunktiv
967 2768 1076 2823 stehen.

159 2838 716 2910 1131111113111311111131133113111111311);
808 2847 832 2894 9.
852 2857 910 2908 nee,
928 2842 954 2895 ei
973 2871 1007 2880 -
1025 2841 1145 2907 11111133,
1163 2857 1186 2894 s.
1207 2840 1234 2909 1,
1252 2847 1287 2896 21
1313 2861 1338 2898 1.

160 2911 233 2963 denn
243 2910 290 2964 die
304 2911 456 2980 folgenden
465 2910 608 2980 Beispiele
618 2911 717 2980 zeigen
770 2929 825 2966 non
841 2914 923 2979 enim,
941 2913 974 2966 si.

158 2981 256 3036 weiter
274 2981 375 3049 nichts,
395 2983 436 3035 als
457 2981 513 3036 dell
526 3000 591 3036 man
601 2999 657 3037 1311
667 2983 717 3035 (131
809 2990 850 3036 11.
868 2985 927 3036 sine
945 2982 1035 3037 animi
1051 2988 1134 3046 motu,
1153 2999 1175 3036 s.
1190 3001 1211 3034 1.
1229 2988 1245 3048 5
1260 2990 1305 3039 69.

158 3051 236 3106 Gaba
254 3052 335 3106 nicht
353 3054 403 3106 auf
419 3053 465 3106 die
484 3053 649 3122 Gesinnung
667 3053 717 3107 des
808 3061 849 3108 13.
868 3057 941 3108 ratio
959 3060 997 3108 est
1011 3050 1071 3106 ‘ein
1089 3050 1225 3108 Denken’.

158 3121 717 3193 (131131333111131131111ὃ1113,111111131111
808 3133 849 3181 lo.
878 3128 975 3180 1133311
1004 3155 1038 3194 ,-
1065 3142 1084 3178 u
1110 3127 1197 3179 nobis.
1251 3124 1340 3181 Cotta

159 3193 243 3249 Cotta
260 3195 362 3249 zuletzt
380 3194 482 3249 darauf
497 3195 716 3263 hinauskommt,
769 3197 859 3250 findet
877 3196 938 3249 sich
951 3195 981 3249 in
992 3183 1273 3266 Ubereinstimmung
1282 3197 1341 3252 mit

159 3265 216 3317 dall
235 3282 264 3319 33
284 3265 335 3318 auf
350 3267 404 3319 den
423 3267 539 3320 rechten
559 3265 714 3333 Gabraueh,
771 3267 826 3321 den
845 3267 986 3323 Stoikern.
1023 3265 1174 3320 Wahrheit
1195 3268 1256 3320 und
1280 3269 1338 3322 lrr·

158 3334 211 3388 wie
244 3335 320 3389 eines
345 3336 432 3405 jeden
459 3336 652 3405 Gesohenkes,
685 3355 716 3393 so
769 3340 831 3392 tum
850 3339 887 3392 ist
905 3341 980 3392 nach
998 3337 1085 3392 ihuen
1107 3337 1147 3391 im
1166 3336 1260 3391 Urteil
1283 3339 1339 3392 der

158 3407 231 3459 auch
251 3410 301 3459 der
329 3406 468 3462 Vernuuft
494 3408 655 3477 aukomme,
685 3425 715 3461 so
769 3409 923 3464 Menschen
941 3410 1112 3478 begrfindet,
1138 3408 1264 3476 welches
1288 3427 1338 3464 zu-

157 3477 246 3531 fiudet
283 3493 313 3531 er
350 3477 411 3531 sich
448 3479 538 3531 demit
569 3479 649 3533 nicht
676 3478 716 3533 im
769 3481 866 3548 gleich
902 3481 956 3535 den
992 3478 1124 3534 Massstab
1160 3479 1207 3533 fur
1249 3497 1339 3536 unser

156 3548 361 3619 Widerspruch
379 3548 433 3602 mit
451 3549 506 3602 den
525 3548 665 3604 Stoikern.
769 3551 900 3606 Handeln
918 3550 1044 3621 abgiebt.

193 3628 217 3675 5.
245 3621 357 3686 Iasoni,
388 3620 499 3689 Tyrann
530 3637 586 3674 von
608 3621 715 3675 Pherae
807 3630 847 3678 17.
873 3625 1021 3691 dedissent,
1048 3641 1069 3677 3.
1093 3622 1209 3690 1331.
1239 3639 1336 3694 eurup-

157 3691 187 3745 in
219 3691 384 3746 Thessalien
423 3691 477 3746 seit
508 3697 560 3746 478
593 3711 619 3746 1.
652 3690 716 3746 Chr.
769 3695 857 3748 313333.

157 3764 209 3816 Die
259 3764 430 3832 Eruthlung‚
487 3763 543 3816 dall
590 3763 715 3832 jemand,
808 3771 848 3821 18.
885 3766 1047 3820 Iniustitiae
1083 3769 1188 3832 autem,
1233 3781 1337 3835 wegen

157 3836 208 3888 der
242 3833 294 3887 ihn
324 3837 405 3888 ttten
432 3835 541 3895 1131113,
578 3834 637 3888 ihm
670 3835 716 3889 bei
769 3843 860 3891 nutem
879 3855 900 3890 3.
916 3837 981 3902 Lea
996 3855 1018 3891 1.
1033 3837 1177 3905 Epicurus
1194 3842 1298 3891 autern.

158 3906 249 3978 dieser
275 3905 462 3975 Gelegenheit
495 3905 542 3959 ein
578 3923 633 3958 von
660 3905 716 3960 den
806 3910 931 3962 trinita
944 3908 1253 3976 subductaqueratione
1267 3903 1336 3962 ‘mit

157 3978 261 4030 Areten
293 3976 339 4029 ffir
370 3976 518 4030 unheilbar
550 3977 715 4046 gehaltenes
770 3979 951 4048 sorgfaltiger
996 3978 1195 4047 Berechnung,
1243 3965 1333 4032 llber-

157 4045 308 4101 Geschwr'ir
344 4048 486 4115 aufstach,
517 4048 651 4102 wodurch
683 4067 713 4102 er
766 4047 893 4120 legung’.
932 4049 1007 4103 Statt
1024 4051 1173 4104 subducere
1195 4051 1334 4104 rationem

157 4121 281 4186 gerettet
302 4120 410 4187 wurde‚
439 4119 527 4172 findet
554 4118 615 4172 sich
642 4120 715 4172 auch
769 4125 834 4190 sagt
852 4138 917 4174 man
936 4120 1008 4174 auch
1031 4122 1180 4176 subducere
1203 4122 1331 4175 calculos.

157 4193 237 4243 soust
255 4190 301 4244 bei
320 4191 375 4244 den
389 4190 466 4243 alten
482 4189 713 4245 Schriftstellern.
769 4192 833 4260 Vgl.
850 4193 884 4245 de
902 4193 948 4246 fin.
965 4193 998 4258 11,
1009 4198 1056 4246 60:
1074 4190 1168 4262 Quid?
1177 4192 1262 4257 fortes
1276 4193 1334 4246 viri

156 4261 228 4316 Plin.
260 4279 288 4315 n.
319 4262 347 4315 h.
380 4261 440 4329 Vll,
464 4269 515 4327 513
547 4260 608 4315 Val.
641 4261 713 4316 Max.
767 4266 972 4332 voluptatumne
981 4265 1095 4318 calculis
1104 4264 1246 4318 subductis
1252 4279 1332 4331 proe-

157 4332 178 4400 I,
190 4337 244 4398 8,e.
768 4335 836 4389 lium
854 4337 966 4401 ineunt,
984 4352 1024 4389 an
1040 4335 1158 4404 quodam
1175 4335 1267 4388 animi
1285 4350 1331 4388 ur·

193 4409 216 4458 8,
235 4406 286 4473 qui
303 4405 415 4471 dederit,
434 4404 501 4457 aber
519 4402 615 4473 gleich
629 4404 713 4458 naeh-
767 4406 832 4461 dore
850 4405 981 4462 incitati?
