2790 4800
448 242 516 301 LIB.
530 243 551 297 Ι.
567 242 644 299 ΟΑΡ.
660 250 685 298 2.
700 249 724 298 3.
744 250 759 310 5
773 249 852 300 4-6.
1193 247 1235 313 95

58 406 191 493 quidem
213 407 250 472 in
273 429 370 473 causa
393 411 427 472 et
449 407 624 473 benevolos
649 408 876 495 obiurgatores
898 409 1028 492 placare
1051 413 1085 474 et
1106 409 1234 475 invidos

56 496 299 581 vituperatores
337 496 506 562 confutare
545 519 730 581 possumus,
763 502 802 562 ut
834 497 955 563 alteros
988 498 1235 583 reprehendisse

56 585 239 671 paeniteat,
271 586 367 651 alteri
400 585 550 650 didicisse
584 608 618 650 se
651 587 828 673 gaudeant,
860 609 937 651 nam
970 588 1026 672 qui
1059 587 1235 652 admonent

56 674 176 759 amice,
200 675 336 741 docendi
360 679 450 760 sunt,
474 675 530 760 qui
549 674 680 740 inimice
699 676 921 761 insectantur,
944 676 1130 760 repellendi.
1153 677 1235 741 Mul·
1254 686 1270 734 6

21 768 131 829 stum
154 768 264 829 autem
286 765 419 829 fluxisse
449 764 543 829 video
571 764 610 829 de
640 764 733 830 libris
765 765 904 849 nostris,
937 788 1018 850 quos
1052 766 1234 851 complures

56 853 151 918 brevi
169 858 316 939 tempore
336 853 511 939 edidimus,
525 853 715 939 variumque
734 876 917 920 sermonem
935 855 1058 939 partim
1077 855 1236 920 admiran-

57 943 158 1029 tium,
181 944 265 1008 unde
293 942 356 1008 hoc
383 941 637 1028 philosophandi
665 943 761 1008 nobis
786 943 895 1009 subito
920 944 1065 1009 studium
1091 945 1235 1009 exstitis-

59 1037 125 1117 set,
147 1032 283 1117 partim,
302 1032 380 1117 quid
399 1054 526 1118 quaque
550 1032 642 1097 dere
666 1033 748 1098 certi
770 1032 978 1118 haberemus,
1002 1033 1085 1098 scire
1109 1033 1236 1118 cupien-

57 1121 153 1187 tium.
185 1121 300 1187 Multis
320 1121 421 1187 etiam
440 1122 527 1186 sensi
546 1121 695 1187 mirabile
709 1122 812 1187 videri
830 1144 902 1187 cam
915 1122 1011 1188 nobis
1025 1122 1237 1207 potissimum
1354 1153 1362 1171 ·

10 1232 38 1274 10
57 1210 234 1296 probatam
258 1233 328 1276 esse
360 1210 619 1296 philosophiam,
652 1234 735 1297 quae
767 1212 873 1277 lucem
904 1212 1044 1296 eriperet
1077 1216 1110 1276 et
1143 1212 1237 1297 quasi

57 1303 190 1365 noctem
215 1300 378 1386 quandam
400 1300 497 1365 rebus
523 1300 717 1386 offunderet,
745 1301 956 1385 desertaeque
985 1301 1175 1385 disciplinae
1204 1306 1237 1365 et

57 1389 275 1474 iampridem
305 1390 440 1455 relictae
470 1390 691 1474 patrocinium
722 1390 954 1475 necopinatum
987 1413 1006 1454 a
1037 1390 1133 1455 nobis
1167 1412 1237 1455 esse

59 1483 258 1563 susceptum.
304 1477 374 1544 Nos
398 1482 508 1544 autem
531 1501 592 1544 nec
615 1479 725 1544 subito
749 1479 914 1564 coepimus
933 1478 1160 1564 philosophari
1178 1501 1238 1544 nec
1340 1512 1355 1527 ‚,

59 1567 258 1633 mediocrem
281 1590 301 1632 a
322 1568 430 1652 primo
454 1572 601 1653 tempore
626 1566 744 1633 aetatis
768 1568 803 1633 in
827 1590 864 1633 eo
889 1569 998 1634 studio
1028 1590 1161 1653 operam
1185 1591 1237 1634 cu-

12 1679 40 1722 rs
58 1678 196 1742 ramque
212 1657 473 1742 consumpsimus
493 1662 540 1743 et,
559 1679 633 1723 cum
652 1657 785 1722 minime
795 1657 998 1743 videbamur,
1012 1661 1084 1722 turn
1098 1657 1237 1722 maxime

58 1745 389 1831 philosophabamur,
413 1746 500 1832 quod
524 1751 558 1812 et
581 1746 745 1812 orationes
770 1746 937 1812 declarant
967 1745 1107 1812 refertae
1134 1745 1239 1831 philo·

60 1834 241 1920 sophorum
264 1835 437 1901 sententiis
457 1840 491 1901 et
508 1836 775 1902 doctissimorum
792 1836 963 1900 hominum
986 1835 1238 1921 familiaritates,

61 1924 181 2009 quibus
201 1946 328 2009 semper
347 1925 463 1990 domus
480 1929 596 1991 nostra
613 1925 741 2010 floruit,
765 1928 798 1990 et
815 1925 979 2010 principes
999 1924 1048 1989 illi
1067 1923 1239 2010 Diodotus,

100 2195 124 2243 1.
150 2189 286 2245 benevolos
311 2188 501 2262 obierpciores
522 2183 623 2244 ‘wohl-
679 2188 1021 2258 demikerngleichstellt,
1038 2188 1084 2243 die
1099 2187 1238 2242 dieLehr-

61 2259 211 2315 meinende
231 2255 373 2316 Kritiher’.
679 2262 755 2314 sitne
779 2261 898 2315 anderes
926 2260 1239 2331 Philosophenschulen

82 2367 426 2493 hgpchgntgeeggigge·
441 2366 504 2492 1³³3
512 2366 623 2422 caera
679 2330 1081 2473 iiiiiigstlniefflailli‘
1098 2330 1240 2458 sitit

62 2455 476 2580 {altissimmus
489 2455 624 2564 iffi
679 2473 772 2543 naga
799 2474 912 2556 lara,
938 2474 1238 2558 ari-ramata.

364 2551 520 2636 aaa
679 2547 825 2671 rcus
847 2545 1240 2672 sarriana

64 2651 210 2721 erfuhren,
243 2652 352 2722 sprrcht
383 2669 414 2706 er
446 2651 532 2707 ofters
565 2669 623 2707 aus.
1027 2660 1034 2686 ‘
1080 2694 1092 2706 ..
1145 2688 1151 2700 ·
1228 2717 1238 2729 ι

63 2722 202 2850 pipp
227 2722 626 2850 {gorppgpegpgpp
680 2687 824 2814 {tritt
843 2689 958 2814 tilii}
975 2688 1227 2815 &liliatum

64 2864 196 2920 Pnnkten
205 2864 259 2920 mit
267 2865 332 2920 dem
345 2865 481 2936 unsrigen
495 2864 625 2921 iiberein-
717 2853 759 2903 11·
782 2850 985 2930 Memfim
1003 2850 1167 2930 offunderet,
1191 2849 1240 2931 di}-

64 2936 188 3006 stimmt,
207 2936 265 2991 und
284 2937 319 2991 de
337 2937 384 2992 fin,
399 2937 455 3008 ],1,
681 2920 783 2987 durch,
801 2918 857 2973 dall
872 2920 918 2973 dre
932 2919 1180 2975 Neualrademrker
1194 2920 1240 2974 dre

223 3044 229 3058 ,
477 3042 483 3054 ,
680 2989 810 3045 Existenz
835 2989 912 3044 eines
935 2989 1102 3045 Kriteriums
1126 2990 1171 3044 fiir
1194 2990 1240 3045 die

100 3050 127 3099 6·
155 3044 229 3101 brem
253 3049 382 3114 imm,
408 3061 429 3100 Β·
450 3043 523 3099 Effll·
545 3050 561 3111 ἓ
583 3050 627 3100 22·
680 3060 832 3115 Wahrheit
848 3077 964 3115 unserer
977 3060 1147 3115 Erkenntnis
1162 3062 1240 3131 leug-

100 3133 316 3201 admirantium,
341 3133 480 3189 admirari
516 3131 546 3187 in
576 3133 627 3187 der
679 3148 742 3187 nen.
767 3132 958 3199 Acad.II,16:
973 3131 1112 3187 Arcesilas
1126 3140 1241 3188 coaetus

64 3203 235 3274 Bedentung
253 3200 328 3259 ‘sich
351 3200 549 3259 verwundern’
572 3203 626 3258 wie
681 3210 719 3259 est
738 3204 898 3259 clarissimis
916 3205 997 3259 rebus
1014 3206 1139 3260 tenebras
1157 3206 1240 3261 obde·

64 3281 97 3343 ξς
118 3281 166 3343 11;
185 3281 234 3342 243
253 3281 288 3330 60
307 3293 333 3330 n.
354 3275 404 3331 oft.
681 3292 746 3331 cere.

100 3369 127 3420 8.
145 3365 215 3434 quid
232 3396 267 3406 -
286 3366 355 3421 cerii
375 3366 533 3421 hebmemus
556 3365 627 3420 statt
715 3348 884 3416 mmihi
901 3346 1076 3416 (limium,
1098 3353 1204 3414 &511-

108 3435 134 3492 ’d
152 3442 253 3492 mum
273 3439 335 3506 (pro
355 3440 436 3505 certo)
459 3437 625 3492 tabeemes.
718 3433 759 3482 13.
778 3443 829 3482 aec
846 3429 944 3482 subito.
971 3427 1036 3497 Vgl.
1054 3427 1089 3482 de
1105 3427 1150 3482 off.
1168 3426 1240 3495 ll,4:

108 3524 122 3561 s
153 3503 290 3562 Prndikat
325 3508 402 3563 steht
432 3506 472 3560 im
505 3505 627 3562 Genetiv
680 3498 762 3554 Nihil
780 3514 858 3569 apere
876 3504 968 3554 cate-m
982 3514 1043 3553 cani
1060 3500 1171 3553 areisans
1185 3515 1242 3553 noo

64 3578 157 3633 durch
176 3577 341 3633 Attraktion
361 3595 399 3632 en
416 3579 491 3648 qaid.
520 3579 584 3648 Vgl.
598 3597 626 3648 p.
677 3568 828 3640 possetis
844 3569 888 3624 tis
906 3570 1007 3624 stadiis
1025 3571 1061 3624 ab
1085 3571 1167 3626 initio
1186 3587 1241 3626 oer-

64 3648 137 3704 Sull.
157 3655 205 3706 89:
235 3651 308 3719 qaod
335 3651 453 3719 fortuna
484 3652 517 3705 {a
546 3651 628 3705 malis
681 3647 758 3696 scius
776 3641 876 3695 aeiciis
889 3641 1046 3696 existimavi
1058 3641 1242 3696 honestissime

64 3721 169 3791 reliqui
200 3721 273 3789 feeit.
301 3740 329 3792 p.
357 3721 431 3777 Sext.
456 3721 539 3777 Rosa,
564 3728 627 3776 14⁷:
681 3713 817 3767 molestias
838 3727 918 3780 posse
942 3712 1056 3780 deponi,
1089 3713 1115 3766 si
1140 3727 1180 3767 me
1204 3713 1243 3766 ad
1273 3765 1276 3777 ,

63 3792 629 3934 awtgpppnfflrperhepigrpetreigffl
677 3784 1127 3919 Philisoiilidhiaimiihssheidiker
1163 3861 1240 3917 lebte

65 3933 159 3989 dieser
177 3933 299 3990 Geneiiv
317 3935 391 3990 nach
414 3937 482 4006 quid
499 3934 547 3990 bei
565 3951 628 4004 esse,
682 3935 798 4005 lingere
814 3932 876 3988 Zeit
895 3906 935 3988 ini
952 3933 1046 3988 Hause
1066 3933 1115 3988 des
1132 3904 1241 3988 'Cicero

64 4005 322 4075 monoculum:
341 4008 511 4079 qaidloffieii
523 4009 570 4062 sai
582 4008 628 4075 sit,
682 4006 842 4061 Vornehms
872 4004 976 4059 Romen
1007 4004 1132 4074 pflegten
1162 4004 1244 4059 nicht

64 4075 103 4133 ib.
114 4077 193 4148 l,10:
208 4079 276 4147 quid
290 4094 389 4145 causae
403 4085 450 4135 est.
471 4076 549 4133 Caes.
559 4079 585 4136 b.
595 4077 628 4135 G.
684 4078 775 4132 selten
806 4074 983 4146 griechische
1015 4075 1148 4130 Gelehrte
1179 4093 1242 4130 zum

64 4147 86 4218 1,
96 4154 146 4205 212
166 4150 235 4220 qaid
253 4151 364 4206 consilii
381 4151 426 4206 sai
443 4150 489 4217 eii,
509 4148 587 4205 Cass.
600 4148 628 4206 b.
683 4149 800 4203 Zwecke
816 4146 1025 4218 gegenseitiger
1039 4146 1243 4217 geistigerAn·

66 4236 90 4276 c.
108 4220 159 4290 111,
174 4225 271 4288 109‚s=
295 4221 365 4291 qaid
390 4237 457 4277 suae
479 4222 630 4277 voluntatis
682 4237 792 4290 regung
810 4219 858 4273 bei
877 4218 938 4272 sich
958 4217 1168 4274 aufzunehmen.
1193 4219 1242 4274 Als

65 4297 140 4349 ma.
158 4290 226 4362 Vgl.
241 4293 315 4347 auch
332 4291 392 4348 Liv.
408 4291 543 4362 lX,16,r:
558 4293 630 4348 achil
683 4290 823 4345 Diodotus
841 4289 881 4343 im
894 4290 980 4344 Jahrc
996 4297 1028 4346 59
1044 4290 1135 4358 starb,
1155 4291 1242 4345 setzte

65 4363 136 4421 aris
147 4364 316 4435 praeparati
340 4370 404 4420 erat.
421 4363 558 4418 —Wenn
568 4363 629 4418 sich
684 4378 714 4417 er
739 4362 796 4417 den
822 4360 919 4417 Cicero
946 4379 1009 4415 zum
1033 4361 1127 4417 Erben
1153 4361 1243 4415 seines

67 4432 167 4493 Cicero
186 4433 249 4489 hier
262 4434 321 4490 und
339 4440 400 4501 §10
425 4434 480 4490 den
498 4435 628 4490 Neuaka·
684 4434 858 4504 Vermcgens
884 4431 931 4488 ein
957 4432 1004 4504 (ad
1027 4434 1086 4488 Ati.
1108 4434 1143 4501 Π,
1159 4437 1242 4502 20,s).
