2790 4800
155 250 220 315 208
539 244 589 298 nn
608 242 763 298 urrann
780 240 945 298 uuonan.
1051 316 1054 323 1

156 415 266 475 autem
296 432 365 475 non
394 413 483 495 sunt,
521 430 562 472 ne
594 406 768 492 Nymphae
802 407 906 487 [deae]
943 406 1073 491 quidem
1106 405 1233 491 igitur?
1288 402 1335 470 At

157 522 268 565 earum
290 499 414 583 templa
437 502 514 563 sunt
536 496 666 582 publice
688 500 766 562 vota
780 501 814 560 et
831 495 987 560 dedicata.
1010 493 1061 560 Ne
1081 494 1182 560 aeteri
1201 494 1335 580 quidem

157 610 234 675 ergo
258 587 305 674 di,
328 610 467 673 quorum
490 587 613 670 templa
644 590 722 650 sunt
751 584 921 649 dedicata?
973 582 1046 670 Age
1076 605 1189 668 porro:
1221 583 1336 649 lovem

157 683 190 742 et
213 677 405 762 Neptunum
427 677 524 741 deum
541 696 707 759 numeras,
731 695 809 759 ergo
829 673 929 738 etiarn
949 672 1066 758 Orous,
1088 672 1192 737 frater
1212 695 1336 757 eorum,

156 767 249 851 deus,
273 771 307 830 et
329 766 392 850 illi,
415 765 472 850 qui
495 765 594 829 fluere
618 763 704 848 apud
726 762 849 828 inferos
874 763 1040 847 dicuntur,
1072 760 1240 846 Acheron,
1276 759 1366 827 (lo-a

157 859 266 940 cytus,
284 853 580 941 Pyriphlegethon,
603 857 674 918 turn
693 850 837 935 Charon,
861 855 932 916 tum
951 849 1110 916 Cerberus
1134 851 1168 915 di
1185 851 1335 935 putandi.

100 955 139 1004 44
157 943 204 1009 At
226 944 259 1008 id
283 943 413 1028 quidam
436 943 680 1028 repudiandum.
726 940 777 1006 Ne
802 940 905 1006 Orcus
934 941 1066 1026 quidem
1088 940 1201 1026 igitur.
1249 938 1337 1016 Quid

157 1032 265 1098 dicitis
294 1053 372 1117 ergo
405 1033 444 1097 de
475 1031 656 1096 fratribus?
711 1029 801 1096 Haec
834 1028 1016 1095 Carneades
1047 1029 1169 1114 aiebat,
1198 1050 1269 1094 non
1298 1035 1337 1094 ut

157 1122 234 1187 deos
258 1121 389 1187 tolleret
412 1119 505 1208 (quid
528 1120 615 1186 enim
638 1118 836 1204 philosopho
863 1119 971 1184 minus
1000 1116 1249 1204 convenienst),
1280 1119 1336 1184 sed

156 1215 195 1276 ut
219 1209 347 1275 Stoicos
370 1209 454 1274 nihil
477 1210 516 1274 de
540 1210 589 1274 dis
614 1209 775 1294 explicare
803 1208 1023 1294 convinceret,
1050 1208 1162 1292 itaque
1185 1207 1376 1294 insequere

51 1335 53 1340 ·
157 1300 263 1365 batur.
314 1297 399 1375 Quid
432 1299 540 1373 enim?
573 1299 695 1384 aiebat,
732 1298 761 1362 si
796 1296 832 1361 hi
861 1297 981 1362 fratres
1019 1301 1096 1362 sunt
1125 1297 1167 1361 vin
1196 1310 1334 1362 numero

157 1389 304 1474 deorum,
326 1412 405 1453 num
435 1389 474 1453 de
497 1393 590 1473 patre
621 1409 733 1452 eorum
765 1384 907 1452 Saturno
936 1385 1051 1472 negari
1080 1390 1205 1471 potest,
1237 1409 1334 1472 quem

156 1477 254 1564 volgo
278 1477 417 1542 maxime
441 1478 554 1542 colunt
577 1477 616 1541 ad
640 1475 863 1542 occidentem?
889 1474 952 1551 Qui
975 1477 1004 1540 si
1023 1479 1074 1540 est
1092 1475 1181 1560 deus,
1203 1488 1334 1559 patrem

157 1589 286 1652 quoque
310 1567 379 1631 eius
404 1564 538 1630 Caelum
561 1589 632 1631 esse
655 1565 751 1630 deum
775 1565 996 1630 confitendum
1019 1568 1077 1629 est.
1125 1562 1219 1640 Quod
1239 1564 1270 1629 si
1287 1564 1334 1629 ita

157 1660 220 1739 eet,
245 1654 334 1720 Caeli
358 1677 487 1740 quoque
509 1659 662 1739 parentes
686 1654 719 1718 di
746 1653 888 1719 habendi
916 1658 1006 1735 sunt,
1034 1652 1160 1718 Aether
1188 1657 1221 1717 et
1245 1652 1333 1738 Dies,
1350 1675 1373 1716 15

157 1766 333 1829 eorumque
355 1743 473 1809 fratres
507 1749 541 1808 et
573 1765 714 1828 sorores,
747 1743 804 1828 qui
835 1766 855 1808 a
887 1742 1076 1829 genealogis
1106 1742 1253 1828 antiquis
1287 1743 1333 1808 sic

155 1833 380 1917 nominantur,
405 1832 521 1917 Amor,
544 1831 662 1918 Dolus,
685 1832 807 1916 Metus,
830 1832 952 1916 Labor,
975 1831 1174 1916 Invidentia,
1202 1831 1332 1915 Fatum,

158 1921 328 2006 SenectuS,
352 1921 441 1986 Mors
447 1973 456 2007 ,
479 1921 658 2007 Tenebrae,
686 1922 834 2006 Miseria,
863 1919 1028 2006 Querella,
1058 1919 1186 2006 Gratia,
1218 1919 1332 2004 Frena,

156 2011 355 2097 Pertinacia,
378 2011 514 2096 Parcae,
537 2009 748 2097 Hesperidon,
777 2009 927 2096 Somnia,
960 2033 1042 2096 quos
1076 2032 1189 2074 omnes
1221 2009 1332 2075 Erebo

157 2105 190 2165 et
212 2099 319 2165 Nocte
345 2105 440 2166 natos
468 2100 587 2166 ferunt.
641 2099 711 2165 Aut
741 2100 846 2186 igitur
875 2098 957 2164 haec
986 2103 1135 2165 monstra
1163 2098 1333 2183 probanda
1349 2125 1373 2164 ro

157 2194 234 2255 sunt
257 2194 314 2255 aut
336 2190 444 2274 prima
466 2189 523 2254 illa
550 2189 704 2255 tollenda.
751 2187 857 2264 Quid?
907 2187 1110 2273 Apollinem,
1140 2187 1333 2272 Volcanum,

156 2277 368 2364 Mercurium,
392 2283 517 2343 ceteros
546 2279 623 2344 deos
652 2301 723 2343 esse
750 2277 851 2363 dices,
881 2278 920 2342 de
943 2276 1093 2362 Hercule,
1124 2277 1332 2363 Aesculapio,

96 2155 137 2219 18

101 2245 137 2296 45

192 2442 216 2490 1.
239 2452 274 2490 ne
350 2453 377 2488 m
432 2451 446 2488 e
489 2436 581 2490 niden
605 2437 706 2491 iitnr.
795 2451 810 2490 e
838 2451 914 2489 aseer
932 2435 1126 2489 ronGenealo
1160 2451 1196 2488 en
1215 2451 1267 2490 aus
1282 2434 1332 2489 der

300 2435 350 2506 Ne
373 2435 431 2504 pne
473 2453 489 2504 r
616 2453 635 2506 a
701 2434 715 2476 ²
768 2434 840 2489 Vrf
1129 2434 1158 2503 si

156 2505 222 2560 Dies
241 2506 281 2560 ist
299 2506 344 2560 die
364 2505 555 2576 regelmtllige
575 2506 713 2576 Stellung.
768 2505 830 2560 Zeit
850 2506 899 2561 des
917 2507 1070 2575 Augustus.
1094 2507 1145 2559 Als
1159 2503 1269 2560 Kinder
1282 2506 1332 2561 der

156 2578 221 2647 Vgl.
236 2584 251 2643 ς
265 2583 313 2632 44:
328 2577 373 2632 Ne
388 2577 475 2633 Orcao
495 2579 603 2647 quidem
617 2580 713 2649 ἐρίων.
768 2576 862 2632 Nacht
881 2577 1046 2632 ereoheinen
1063 2578 1163 2631 Aether
1185 2577 1244 2631 und
1263 2577 1332 2633 Dies

157 2649 239 2703 Taso.
254 2649 275 2716 l,
287 2653 334 2704 88:
348 2666 382 2703 ne
392 2665 483 2703 carere
497 2651 605 2719 quidem
618 2651 714 2720 ipitar.
769 2650 842 2702 auch
869 2649 917 2703 bei
942 2647 1048 2703 Hesiod
1077 2654 1141 2716 124,
1176 2648 1253 2702 deun
1280 2665 1330 2702 aus

191 2721 511 2790 2.pablice-dedieata.
532 2720 578 2774 lhr
589 2721 714 2791 Tempel,
767 2719 923 2774 Finsternis
942 2719 1074 2774 entstand
1093 2721 1143 2773 das
1162 2719 1255 2774 Licht.

156 2790 205 2844 der
232 2790 360 2860 augleich
388 2793 430 2846 als
463 2792 567 2846 Archiv
595 2792 640 2846 fiir
668 2792 714 2846 die
804 2796 848 2846 17.
867 2793 960 2846 Amor.
990 2790 1082 2845 Wenn
1101 2794 1186 2845 Amor
1204 2791 1270 2860 (wie
1284 2791 1332 2847 bei

156 2862 354 2918 censorischen
373 2863 526 2917 Urkunden
542 2863 646 2932 diemo,
666 2863 714 2917 be·
769 2862 876 2916 Hesiod
894 2866 948 2915 214
973 2859 1100 2933 φιλότης)
1124 2863 1181 2915 und
1205 2862 1332 2917 nuchhar

154 2932 222 2988 fand
242 2934 302 2988 sich
321 2934 373 2988 auf
387 2936 452 2989 dem
470 2935 630 2990 Marsfelde.
771 2933 873 2988 Gratia
890 2934 948 2987 und
973 2933 1020 2987 die
1039 2932 1216 3003 Hesperidon
1239 2933 1331 2989 neben

191 3011 215 3061 3.
235 3009 293 3077 Ape
307 3023 391 3075 porro
405 3002 544 3074 ‘wohlan,
563 3007 651 3061 sehen
664 3004 716 3060 wir
765 3004 853 3074 jenen
871 3006 988 3059 finstern
1006 3004 1137 3058 Maohten
1161 3005 1204 3058 als
1223 3003 1332 3059 Kinder

155 3073 269 3146 weiter’,
289 3078 341 3132 wie
361 3077 440 3132 Verr.
455 3078 488 3145 V,
500 3084 545 3142 65;
567 3084 610 3132 68,
638 3076 714 3131 Heu·
769 3075 1332 3145 derNachtgenenntwerden,sohatman

154 3148 225 3217 figor
251 3149 409 3218 gebraucht
440 3147 538 3203 Cicero
570 3148 600 3202 in
627 3137 714 3202 llber-
769 3148 824 3201 (len
852 3146 950 3201 Grund
977 3147 1022 3200 fiir
1049 3147 1127 3201 diere
1155 3145 1330 3218 Genealogie

156 3224 267 3300 gangen
290 3237 339 3291 ape
367 3221 436 3274 oder
464 3237 514 3290 ape
542 3237 632 3288 nnnc,
664 3237 715 3303 ape
769 3218 850 3300 datin
869 3236 902 3272 zu
921 3219 1034 3287 suchen,
1055 3217 1111 3300 dall
1138 3218 1189 3304 der
1213 3218 1331 3301 Mensch

154 3290 713 3442 Abatztlttssltnlldttl
765 3289 1330 3433 Aah,lahhlltlgtttltt

155 3430 295 3484 drrelrtem
314 3431 490 3501 Fragesatze.
508 3433 584 3502 (Vgl.
599 3435 685 3504 Len.)
766 3449 845 3502 nung
870 3432 1041 3500 dereelben),
1071 3432 1137 3486 teile
1161 3432 1328 3488 schreclren-

189 3509 215 3558 4.
236 3502 323 3557 Oroac
336 3529 363 3548 =
376 3503 432 3558 Dia
445 3511 536 3572 pater,
556 3505 589 3573 ll,
598 3510 640 3560 66.
768 3504 921 3574 erregende
947 3503 1165 3572 Vorstellungen
1192 3503 1328 3560 verband

191 3582 214 3629 5.
248 3575 374 3629 Acheron
413 3607 446 3615 —
479 3576 713 3648 Pyripnzeyetnoa.
803 3576 976 3633 Invidentia:
995 3592 1027 3630 ae
1060 3577 1137 3630 itudo
1155 3592 1190 3630 ea
1214 3577 1329 3631 asterius

154 3644 371 3715 oencreflg.
767 3649 848 3702 rebus
865 3648 1022 3719 arandis(
1048 3664 1106 3702 uec.
1121 3647 1170 3716 Ill,
1182 3652 1237 3716 21).
1320 3643 1322 3650 ’

189 3724 213 3773 8.
236 3719 314 3773 Haeo
333 3719 486 3800 (larneades
498 3719 608 3799 aiebat,
636 3720 711 3774 noch
800 3723 844 3773 20.
864 3725 995 3800 monstra,
1015 3736 1036 3799 s.
1051 3737 1074 3772 a.
1089 3719 1165 3787 Ι,28.

153 3789 233 3843 mehr
251 3789 434 3858 derglerchen
459 3789 506 3844 ber
529 3790 605 3846 Sext.
628 3790 709 3861 Emp.
800 3794 842 3844 22.
863 3788 1180 3860 ceteros,dre1“1brigen
1198 3807 1255 3845 von
1273 3791 1327 3845 den

152 3859 201 3926 IX,
213 3866 262 3915 182
273 3859 319 3930 fig.
768 3868 801 3915 12
820 3859 929 3929 grossen
948 3860 1076 3928 (tottam,
1096 3860 1204 3915 welche
1220 3861 1326 3915 Ennius

190 3938 231 3986 13.
251 3933 289 3987 ad
306 3933 476 3988 occidentem.
496 3932 567 3987 Dort
584 3933 713 3988 herrscht
767 3933 810 4003 (fr.
835 3931 909 3985 XLV
932 3931 1055 4001 Vahlen)
1082 3932 1112 3985 iu
1140 3932 1209 3986 zwei
1237 3933 1325 3987 nexa
1374 3986 1377 3991 .

153 4001 255 4056 Saturn
276 4003 344 4056 tiber
358 4003 403 4057 die
419 4004 510 4058 luseln
526 4005 576 4058 der
590 4000 717 4074 seligens
765 4007 874 4058 metern
893 4002 1128 4057 zusammenfallt:
1147 4004 1226 4059 Jano
1248 4005 1326 4059 Vecta

152 4072 259 4128 Hesiod
274 4072 331 4143 Any.
345 4095 371 4128 n.
384 4071 430 4144 ἡμ.
447 4081 497 4131 167
506 4075 551 4146 fig.
766 4077 894 4130 Minerva
912 4075 990 4130 Ocres
1009 4075 1107 4130 Diana
1130 4075 1222 4130 Venae
1246 4076 1327 4130 Mars

173 4148 353 4271 θξόῂῆςίὶίεν
374 4155 404 4270 ,pt
430 4147 507 4271 gyne.
541 4147 647 4273 I{lacph
662 4147 711 4264 der
768 4147 780 4218 ll
801 4147 960 4272 Mercp're'ryls
983 4147 1063 4202 Joeie
1087 4147 1238 4216 Neptanna
1266 4147 1325 4203 Vol·

152 4223 710 4371 iaecgl¹gi1i⁰ariilliclilcei⁵blilii
765 4235 975 4344 wlffrelbt
1002 4320 1035 4330 -
1058 4288 1221 4345 necnec?
1261 4289 1326 4358 Vgl.

152 4358 221 4439 oder
240 4358 340 4414 Caelus
359 4362 405 4414 dre
423 4359 507 4415 Gaea.
536 4361 590 4415 Mrt
612 4360 710 4416 C1cero
765 4361 896 4431 dagegen
914 4360 1019 4414 Balbus
1038 4361 1129 4424 Iler:
1150 4362 1328 4416 ritedicnnt

141 4432 256 4485 etrmmt
285 4430 403 4487 dherein
425 4431 557 4504 Hyginus
575 4434 596 4502 I,
617 4440 641 4504 1,
661 4433 711 4488 der
764 4434 861 4488 nobiti.
898 4431 994 4488 Cicero
1014 4429 1115 4487 schloss
1134 4431 1196 4486 rich
1215 4448 1248 4487 so
1271 4447 1327 4501 eng
