2790 4800
122 271 184 337 198
506 265 555 319 DE
575 263 730 318 NATURA
748 263 911 319 DEORUM.

119 428 306 495 Chalcidico
329 427 454 512 Euripo
476 428 512 491 in
535 431 628 492 motu
650 426 829 491 identidem
847 425 1079 510 reciprocando
1101 429 1202 510 putas
1229 426 1300 492 fieri

118 541 214 602 posse
239 515 466 597 constantius?
490 515 568 601 quid
590 514 676 580 freto
702 513 888 581 Siciliensi?
911 514 990 599 quid
1015 513 1138 580 Oceani
1166 513 1298 581 fervore

118 608 184 673 illis
207 608 243 672 in
265 606 345 672 loeis
579 665 581 668 ,
756 640 758 646 -

207 657 400 779 Europim
423 692 662 778 Libyamque
685 716 807 779 rapax
829 692 896 757 ubi
920 691 1062 757 dividit
1084 692 1209 757 unda?

120 784 227 861 Quid?
250 788 360 849 aestus
383 781 540 847 maritimi
563 783 615 846 vel
636 781 872 866 Hispanienses
896 782 948 846 vel
965 780 1150 846 Britannici
1169 803 1328 847 eorum-s

119 896 182 958 que
206 872 303 938 certis
327 871 530 956 temporibus
554 871 606 935 vel
629 892 778 936 accessus
802 871 854 935 vel
876 892 1024 935 recessus
1048 869 1119 935 sine
1141 870 1204 936 deo
1227 871 1299 936 fieri

117 984 185 1027 non
206 960 367 1047 possunt?
413 959 511 1044 Vide,
535 981 669 1044 quaeso,
693 959 722 1024 si
741 981 854 1024 omnes
873 964 982 1024 motus
1003 959 1192 1046 omniaque,
1216 982 1299 1045 quae

119 1050 216 1116 certis
240 1049 443 1134 temporibus
468 1047 615 1113 ordinem
646 1071 742 1113 suum
774 1052 983 1133 conservant,
1011 1047 1121 1113 divina
1148 1048 1299 1134 dicimus,

117 1161 159 1203 ne
182 1138 341 1203 tertianas
366 1159 494 1223 quoque
517 1136 625 1201 febres
656 1141 690 1202 et
720 1142 898 1223 quartanas
930 1136 1056 1202 divinas
1087 1159 1159 1202 esse
1191 1137 1299 1203 dicen·

119 1228 196 1293 dum
220 1227 277 1312 sit,
301 1249 439 1312 quarum
462 1225 647 1290 reversione
675 1230 709 1290 et
738 1230 832 1291 motu
864 1225 943 1310 quid
975 1229 1087 1311 potest
1118 1248 1192 1291 esse
1224 1248 1299 1292 oon·
1316 1247 1337 1286 a

65 1329 99 1379 25
119 1316 283 1382 stantius?
312 1313 375 1380 Sed
391 1314 537 1380 omnium
556 1314 672 1379 talium
691 1337 800 1379 rerum
818 1315 903 1379 ratio
923 1314 1085 1379 reddenda
1104 1318 1164 1380 est.
1204 1314 1299 1391 Quod

118 1428 176 1471 vos
185 1428 257 1472 cum
267 1405 373 1470 facere
382 1425 450 1469 non
459 1403 614 1488 potestis,
628 1408 797 1488 tamquam
806 1403 842 1467 in
854 1426 944 1468 aram
955 1402 1136 1490 confugitis
1143 1403 1186 1468 ad
1193 1403 1298 1470 deum.

207 1493 254 1558 Et
277 1491 481 1578 Chrysippus
514 1491 577 1556 tibi
608 1496 703 1557 acute
735 1492 842 1557 dicere
874 1491 1062 1577 videbatur,
1092 1490 1194 1558 homo
1228 1493 1298 1558 sine

119 1582 217 1648 dubio
247 1585 398 1647 versutus
431 1585 464 1645 et
502 1581 637 1646 callidus
675 1580 840 1666 (versutos
878 1603 933 1646 eos
971 1581 1114 1667 appello,
1157 1603 1298 1666 quorum

119 1671 267 1737 celeriter
299 1692 392 1734 mens
424 1673 586 1754 versatur,
619 1670 753 1735 callidos
786 1673 909 1756 autem,
942 1691 1094 1756 quorum,
1127 1673 1298 1756 tamquam
1316 1689 1337 1729 15

118 1782 234 1825 manus
259 1781 355 1844 opere
393 1757 440 1823 sio
463 1758 590 1824 animus
605 1782 668 1823 usu
686 1756 891 1846 concalluit);
914 1758 943 1824 is
966 1759 1088 1845 igitur:
1108 1756 1158 1824 ‘Si
1173 1759 1297 1845 aliquid

119 1843 192 1934 est’,
215 1847 335 1934 inquit,
372 1847 459 1932 quod
489 1847 588 1912 homo
621 1847 750 1913 efficere
782 1870 851 1913 non
879 1847 1000 1933 possit,
1030 1847 1087 1933 qui
1120 1847 1154 1912 id
1188 1847 1299 1933 efficit,

119 1937 235 2002 melior
258 1941 309 2002 est
330 1935 477 2021 homine3
500 1936 599 2002 homo
623 1939 734 2001 autem
755 1935 850 2023 haec,
873 1958 957 2023 quae
988 1936 1024 2000 in
1055 1935 1178 2002 mundo
1211 1940 1299 2021 sunt,

119 2026 247 2091 efficere
278 2047 346 2091 non
376 2028 500 2111 potest3
533 2025 590 2111 qui
621 2024 731 2110 potuit
761 2025 879 2112 igitur,
910 2025 940 2090 is
971 2029 1120 2110 praestat
1155 2024 1298 2137 homini,

118 2115 245 2180 homini
268 2119 378 2179 autem
400 2119 567 2198 praestare
591 2114 663 2199 quis
682 2115 790 2200 possit
802 2114 868 2179 nisi
887 2113 988 2179 deus?
1007 2118 1059 2179 est
1075 2113 1182 2201 igitur
1200 2114 1289 2180 deus.
1315 2135 1339 2174 eo

120 2204 210 2269 Haec
234 2203 344 2269 omnia
373 2202 409 2267 in
440 2203 566 2288 eodem,
599 2225 663 2288 quo
696 2202 753 2267 illa
784 2202 937 2288 Zenonis,
970 2224 1079 2268 errore
1113 2207 1299 2269 versantur.

66 2303 101 2353 26
122 2291 206 2368 Quid
229 2292 317 2356 eninr
339 2291 384 2356 sit
407 2291 537 2376 melius,
561 2291 639 2376 quid
661 2292 905 2378 praestabilius,
933 2291 1012 2378 quid
1034 2291 1122 2356 inter
1143 2295 1299 2358 naturam

120 2449 214 2503 sctzen
224 2445 680 2516 dorll'otwendigkeitschaffende
735 2446 863 2503 demiker
880 2448 1010 2518 verlangt
1026 2446 1141 2503 Grllnde
1159 2446 1205 2501 fiir
1220 2447 1298 2504 dicae

120 2519 203 2573 Kraft
220 2516 344 2585 auffallt,
368 2517 455 2571 nahm
474 2534 504 2571 er
521 2517 562 2572 im
587 2521 681 2573 ersten
734 2518 976 2587 Erseheinungen.
997 2518 1090 2573 Wenn
1104 2519 1174 2574 eber
1190 2517 1297 2575 Balbus

121 2590 229 2658 Buche‚
259 2588 290 2642 in
317 2587 410 2643 seiner
436 2587 565 2643 Polemik
589 2607 681 2659 gagen
735 2589 848 2660 gezeigt
864 2589 929 2658 hat,
957 2587 1015 2644 dall
1042 2589 1089 2644 die
1116 2588 1197 2645 Welt
1223 2590 1299 2646 nach

120 2661 176 2714 den
203 2658 372 2729 Epikureer,
399 2666 505 2715 actara
540 2659 681 2716 vielmehr
735 2660 895 2730 gottlichen
914 2661 1002 2715 ldeen
1020 2660 1160 2732 geordnet
1182 2660 1239 2729 sei,
1267 2677 1297 2716 so

120 2732 160 2784 im
195 2729 337 2785 stoischen
375 2729 462 2785 Sinne
498 2731 540 2786 als
576 2739 681 2787 catara
734 2732 787 2786 hat
805 2747 836 2786 er
860 2731 906 2786 fur
932 2730 1010 2788 diese
1035 2730 1299 2803 Gesetamassigkeit

120 2803 238 2858 seruiens
255 2807 280 2856 ct
298 2802 460 2872 domnapetra.
487 2801 514 2859 S.
535 2803 555 2871 l,
573 2809 621 2870 6⁶3
637 2809 680 2860 67.
736 2802 819 2858 einen
850 2803 983 2858 bosseren
1010 2801 1108 2858 Grund
1135 2802 1297 2874 angeffllrrt,

158 2880 181 2928 1.
201 2873 359 2929 Olmlcidico
376 2873 501 2944 Ebcripo,
529 2875 579 2928 der
606 2873 681 2928 nach
735 2873 913 2943 alsCottaje
928 2874 998 2928 wird
1011 2872 1218 2944 beizubringen
1236 2890 1297 2930 ver·

121 2945 172 3000 der
197 2943 280 2999 Stadt
298 2942 410 2999 Chalcis
434 2944 486 2998 auf
510 2944 609 3000 Eubba
631 2945 680 3000 be·
734 2950 846 3014 mbgen.

120 3016 225 3070 nannte
245 3014 322 3069 Sund
344 3012 484 3070 awischen
502 3015 601 3072 Eubta
622 3016 680 3070 und
771 3021 813 3072 12.
833 3023 973 3086 tamquam
999 3017 1032 3071 ia
1055 3033 1150 3085 aram,
1168 3015 1224 3072 wie
1252 3015 1298 3071 die

121 3086 228 3141 Attika.
279 3086 337 3140 Das
369 3085 494 3156 Beispiel
530 3086 570 3141 ist
600 3085 681 3142 nieht
735 3084 836 3155 ἱκέται,
857 3086 920 3142 eine
944 3085 1188 3157 sprichwbrtliche
1211 3086 1298 3143 Wen·

120 3158 243 3227 passend
268 3157 404 3226 gewdhlt,
439 3157 476 3211 da
500 3157 605 3228 gerade
633 3157 680 3213 die
734 3158 820 3228 dung,
840 3174 871 3212 so
890 3159 1015 3213 ineram
1032 3159 1194 3214 mbaaalua
1213 3159 1298 3230 (post

121 3227 681 3369 attrectassent
733 3229 865 3366 sel
880 3230 919 3370 s
1038 3230 1126 3300 a„
1151 3230 1298 3301 mr

119 3385 221 3423 waren.
259 3317 438 3439 Hipparchus
464 3369 492 3424 b.
514 3370 591 3426 Stob.
620 3370 680 3427 flor.
773 3377 814 3425 14.
832 3341 954 3426 edoctor
971 3386 1046 3426 cosa
1120 3373 1206 3426 oete.
1227 3368 1298 3426 Eine

121 3458 149 3510 p.
172 3445 236 3495 574:
269 3435 376 3494 ἄστατὰ
406 3459 436 3494 τε
476 3441 526 3522 aab
557 3437 681 3566 deipara
735 3442 891 3497 besondere
942 3440 1063 3496 Notwcn
1086 3441 1093 3454 '
1114 3440 1178 3495 keit
1221 3441 1298 3498 dieue

13 3558 15 3562 .
122 3505 251 3581 Εὐρίπου
260 3507 374 3580 τρόπον.
384 3510 447 3581 Vgl.
456 3510 574 3566 Lrv.XX
601 3513 681 3580 ΙΙ,6.
735 3513 842 3580 Worte‚
860 3514 932 3568 liber
946 3513 1033 3567 deren
1046 3511 1219 3583 Bedeutnng
1231 3511 1299 3569 kain

157 3588 182 3638 4.
193 3582 337 3652 Europam
345 3582 515 3653 Libyamque
529 3586 582 3638 etc.
600 3582 682 3639 Nech
735 3582 1298 3655 Zweifelobwaltenkannctymologiaoh

122 3653 234 3707 Vahlen
251 3673 278 3723 p.
294 3659 328 3708 45
348 3669 398 3707 aus
422 3653 493 3707 Enn.
516 3655 617 3710 Annal.
633 3655 681 3709 IX.
736 3653 1297 3724 auerkltren,isthiernichtvorbandem

122 3722 258 3779 Dasselbe
287 3722 363 3779 citat
389 3725 465 3779 auch
489 3725 570 3781 Tusc.
591 3726 617 3793 I,
637 3731 680 3781 45.
735 3724 833 3780 Cicero
851 3725 903 3781 hat
925 3725 988 3780 eine
1012 3724 1133 3796 gewism
1161 3724 1297 3783 Vorliebo

122 3795 188 3865 Vgl.
197 3795 263 3851 Hor.
273 3811 356 3854 carm.
368 3795 416 3863 Ill,
425 3802 450 3863 3,
457 3811 496 3852 rr:
515 3798 682 3867 qaamedias
734 3797 780 3851 lfir
798 3795 980 3866 dergleichen
996 3796 1224 3867 Bemerkungen.

121 3867 213 3935 liquor
236 3868 351 3922 secernit
377 3867 511 3937 thropea
540 3869 576 3924 ab
601 3868 682 3937 Afro.
772 3874 814 3923 15.
826 3873 1042 3938 tamquamaac.
1057 3866 1085 3923 S.
1093 3866 1112 3935 l,
1120 3872 1173 3923 102
1181 3868 1296 3939 apsari.

159 3943 183 3993 9.
209 3939 343 3993 anianae
361 3964 388 3984 =
406 3939 485 3994 tertio
509 3955 614 4009 qaoque
637 3940 683 3995 dic
772 3946 816 3994 21.
835 3939 914 3995 Haec
931 3940 964 3994 ia
981 3940 1070 3994 cedem
1085 3969 1120 3981 -
1132 3955 1226 3996 more
1242 3955 1297 3997 aar·

122 4015 287 4064 ramenta.
736 4016 843 4066 mutar.
889 4010 954 4065 Von
986 4009 1098 4065 Sachen
1128 4009 1204 4065 wird
1235 4025 1297 4065 aar·

161 4086 201 4135 10.
212 4077 592 4148 consacramentales
601 4081 683 4135 δυοῖν
736 4083 849 4206 qesegt,
877 4097 935 4135 was
973 4079 1130 4152 cigentlich
1161 4098 1218 4137 nur
1243 4096 1298 4137 von

117 4146 179 4205 ‘die
194 4149 372 4220 periodische
386 4150 618 4222 Erschlitterung,
633 4152 682 4207 Er·
760 4168 875 4207 erscnen
893 4150 957 4223 gili.
980 4152 1047 4223 Vgl.
1061 4152 1084 4222 1,
1093 4159 1145 4208 8⁷:
1164 4154 1198 4208 ia
1209 4167 1298 4210 mora

123 4216 245 4347 aaa
260 4221 354 4357 ter
369 4224 684 4350 {aurursus
735 4223 1239 4365 tura*
1215 4224 1297 4291 Μ’·

245 4333 254 4359 ,
343 4333 350 4346 .
1238 4336 1247 4352 .

122 4364 294 4432 copitatioaa.
772 4371 815 4420 22.
836 4366 1078 4437 Quidcitmcla'aa,
1093 4366 1164 4437 quaid
1209 4372 1297 4423 aeda·

150 4438 194 4487 11.
214 4434 290 4489 ratio
307 4434 449 4490 reddenda
466 4440 513 4491 est.
533 4433 590 4491 Der
607 4434 682 4490 Alsa-
736 4437 829 4492 tiliae.
852 4436 929 4491 Daau
947 4436 987 4492 ist
1004 4452 1055 4493 aus
1069 4436 1174 4493 ema
1244 4438 1298 4493 deu
