2790 4800
159 251 201 316 74
538 246 588 300 DE
607 245 762 300 NATURA
780 244 943 301 DEORUM.

157 415 263 496 turae,
299 411 342 475 ab
378 409 497 475 animis
529 409 764 475 consuetudine
792 410 932 478 imbutis
964 414 1075 494 petere
1107 409 1340 475 testimonium

156 499 329 565 veritatis?
374 499 444 564 lsto
473 499 560 563 enim
588 499 685 564 modo
713 499 819 564 dicere
841 499 955 564 licebit
977 498 1090 564 Iovem
1112 521 1241 583 semper
1263 499 1341 564 bar·

156 589 284 674 batum,
307 587 496 674 Apollinem
520 610 647 673 semper
666 588 859 673 imberbem,
885 587 1009 653 caesios
1029 588 1141 653 oculos
1159 586 1340 674 Minervae,

157 679 323 743 caeruleos
354 700 425 742 esse
452 676 609 761 Neptuni.
656 677 701 741 Et
732 677 863 763 quidem
892 677 1062 742 laudamus
1090 675 1232 742 Athenis
1256 676 1339 743 Vol·

158 789 274 832 canum
293 789 381 851 eum,
401 789 497 852 quem
515 766 595 832 fecit
608 765 812 852 Alcamenes,
829 767 865 830 in
883 788 948 851 quo
967 770 1076 831 stante
1095 770 1194 850 atque
1211 765 1339 832 vestito
1357 787 1370 829 s

156 857 273 921 leviter
309 860 446 940 apparet
482 855 676 921 claudicatio
712 877 780 921 non
816 855 979 920 deformis.
1035 852 1195 920 Claudum
1230 855 1339 941 igitur

155 945 349 1010 habebimus
380 945 488 1027 deum,
519 944 674 1030 quoniam
704 945 743 1009 de
770 944 918 1010 Volcano
947 944 994 1009 sio
1021 944 1215 1028 accepimus.
1260 942 1338 1031 Age

158 1034 260 1098 ethis
279 1034 447 1099 vocabulis
467 1056 537 1099 esse
554 1034 631 1098 deos
650 1033 802 1118 facimus,
821 1034 940 1118 quibus
955 1057 975 1098 a
987 1033 1083 1098 nobis
1097 1033 1339 1099 nominantur?

103 1137 139 1188 84
156 1121 204 1187 At
221 1122 377 1208 primum,
401 1127 482 1207 quot
499 1123 670 1187 hominum
689 1123 834 1209 linguae,
857 1127 910 1188 tot
927 1122 1061 1187 nomina
1079 1121 1224 1188 deorum.
1256 1121 1338 1187 Non

156 1213 257 1297 enim,
284 1216 322 1277 ut
349 1217 387 1278 tu
409 1211 569 1296 Velleius,
597 1234 801 1296 quocumque
828 1212 970 1297 venetie,
997 1211 1045 1276 sic
1067 1211 1154 1276 idem
1176 1211 1212 1276 in
1235 1210 1337 1276 Italia
1356 1233 1382 1274 ro

156 1301 337 1386 Volcanus,
355 1301 442 1366 idem
460 1300 496 1365 in
514 1299 637 1386 Africa,
655 1301 741 1365 idem
760 1301 796 1365 in
813 1300 983 1385 Hispania.
1018 1300 1143 1365 Deinde
1162 1300 1336 1366 nominum

154 1413 223 1455 non
240 1412 379 1477 magnus
398 1412 552 1455 numerus
571 1412 612 1454 ne
631 1390 666 1454 in
683 1389 862 1474 pontificiis
883 1389 1014 1474 quidem
1036 1389 1174 1474 nostris,
1198 1390 1336 1455 deorum

156 1484 265 1544 autem
279 1479 536 1544 innumerabilis
559 1477 614 1543 An
628 1479 698 1543 sine
712 1479 900 1544 nominibus
915 1479 1014 1543 sunt?
1031 1477 1125 1542 Istud
1139 1477 1271 1563 quidem
1286 1479 1337 1544 ita

155 1568 248 1632 vobis
276 1568 383 1632 dicere
410 1589 541 1633 necesse
570 1573 633 1653 est3
666 1567 745 1652 quid
772 1568 859 1633 enim
882 1569 1015 1653 attinet,
1046 1589 1120 1632 cum
1142 1589 1208 1632 una
1231 1566 1335 1633 facies

156 1657 212 1740 sit,
239 1657 334 1741 plura
357 1678 428 1720 esse
450 1656 606 1721 nomina?
653 1656 758 1732 Quam
781 1657 904 1722 bellum
927 1661 1010 1741 erat,
1033 1655 1153 1741 Vellei,
1182 1657 1336 1721 confiteri
1353 1678 1379 1720 rs

154 1745 265 1829 potius
288 1745 427 1830 nescire,
455 1746 542 1831 quod
563 1744 720 1831 nescires,
744 1746 844 1831 quem
861 1746 926 1811 ista
949 1745 1151 1810 effutientem
1173 1767 1334 1811 nauseare

193 1944 215 1992 1.
241 1939 276 1993 ab
304 1938 407 1993 animis
425 1968 459 1978 -
477 1936 624 1994 audatis?-
653 1937 715 1991 Wir
803 1939 923 2007 facimus
954 1965 982 1984 =
1008 1939 1152 2008 ducimus,
1187 1939 1333 1994 mutuus.

155 2007 715 2080 elwa:KonventionelleVorstellungen
769 2008 1333 2080 Wegendeslndik.s.§802.arbitrumur.

155 2081 197 2134 als
212 2079 355 2135 Kriterien
373 2081 424 2135 der
432 2080 584 2136 Wahrheit
598 2080 714 2151 geltend
805 2087 829 2136 9.
854 2088 919 2151 quot
936 2081 1077 2136 homiuum
1104 2082 1224 2152 linquae.
1271 2081 1332 2136 Das

154 2153 281 2208 macheu.
767 2153 891 2207 Verbum
910 2152 1104 2220 ausgelassen,
1123 2153 1177 2206 wie
1196 2153 1332 2222 gewdhn·

191 2229 215 2278 3.
235 2224 352 2278 caesios:
371 2225 532 2294 γλαυκῶπις
547 2219 659 2293 Ἀθήνη.
768 2222 828 2278 lieh
855 2223 886 2277 in
913 2241 926 2276 s
947 2222 1178 2279 richwdrtlichen
1204 2223 1333 2278 Redens·

190 2299 215 2348 4.
226 2296 367 2350 romuleos.
384 2294 434 2349 Or.
444 2295 510 2350 Met.
521 2296 541 2362 I,
552 2301 620 2350 275:
639 2296 716 2351 Iouis
768 2298 858 2350 arten.
881 2242 947 2364 vgl.
962 2295 1025 2349 Ter.
1041 2294 1152 2350 Phorm.
1167 2294 1240 2363 11‚4=
1259 2295 1334 2366 Quot

154 2367 293 2420 caeruleus
310 2366 406 2432 frater.
767 2367 902 2434 Mutare,
920 2372 959 2421 tot
977 2367 1132 2421 smteutias.

190 2436 413 2505 adlteruae,
439 2435 485 2490 ein
515 2435 633 2490 Schdler
665 2436 714 2491 des
805 2443 847 2493 10.
866 2444 898 2493 ut
916 2442 948 2493 tu
970 2437 1087 2492 Velleius
1105 2453 1144 2492 sc.
1159 2437 1222 2492 eris,

155 2506 280 2576 Phidias,
307 2507 382 2561 nach
409 2507 491 2562 Pane.
519 2508 552 2576 V,
578 2514 619 2576 10,
639 2523 652 2562 s
671 2508 714 2561 als
805 2515 848 2564 12.
862 2510 895 2563 iu
904 2509 1058 2578 pontificiis
1072 2509 1207 2564 selibris.
1238 2507 1333 2563 Einen

155 2578 292 2648 Schdpfer
314 2595 370 2633 von
389 2578 603 2634 Gdtterbildern
629 2580 714 2634 eben·
768 2579 924 2649 wichtigen
937 2579 1091 2634 Abschnitt
1109 2578 1257 2634 derselben
1276 2579 1332 2635 bil·

155 2649 252 2718 burtig
270 2649 335 2703 dem
356 2648 480 2705 Meister.
517 2638 594 2705 liber
617 2649 715 2704 seinen
769 2652 855 2706 deten
865 2651 911 2705 die
922 2652 1143 2722 iudicitameuta,
1159 2650 1190 2704 in
1201 2650 1331 2706 walchen

51 2749 56 2758 ι
153 2719 275 2789 Vulkan,
295 2721 346 2775 der
360 2739 394 2774 zu
407 2721 473 2775 dem
487 2721 591 2776 Besten
604 2721 713 2790 gebeni,
769 2722 816 2777 die
835 2722 944 2777 Nomen
969 2721 1132 2776 simtlicher
1149 2720 1251 2776 Getter
1270 2721 1332 2777 auf·

153 2807 211 2844 was
231 2808 261 2846 er
272 2792 443 2862 geschaffen,
461 2791 563 2847 dussert
576 2791 638 2847 sich
651 2792 713 2850 Val.
768 2793 935 2864 gezeichnet
970 2809 1065 2847 waren
1095 2792 1179 2847 nebst
1208 2791 1334 2849 Notizen

154 2863 226 2918 Μαι,
242 2863 321 2931 Vlll,
336 2869 379 2932 11,
393 2880 418 2919 s:
447 2869 502 2919 stat
525 2864 714 2920 dissimulatae
767 2864 838 2919 fiber
857 2864 912 2917 den
925 2863 1028 2920 Dienst
1046 2863 1195 2919 derselben
1209 2864 1269 2919 und
1285 2863 1332 2920 die

154 2935 366 2991 claudicationis
379 2937 430 2991 sub
447 2943 517 2992 ueste
530 2937 622 2992 leuiter
635 2937 713 2991 oesti-
767 2937 823 2991 den
831 2935 976 2991 einzelnen
983 2934 1206 2990 zukommenden
1211 2934 1331 2991 Gebets-

153 3008 230 3077 cium
247 3013 468 3077 repraucutaus,
490 3013 523 3063 ut
541 3023 598 3062 uou
616 3024 711 3077 eupro-
766 3007 896 3063 formeln.

154 3080 238 3135 uuus
260 3085 400 3148 tamquam
422 3080 533 3147 uitium,
557 3080 598 3134 ita
620 3085 712 3134 tama
802 3079 914 3134 deorum
959 3082 1050 3133 autem
1087 3078 1329 3148 ,innumerabis

153 3151 712 3221 ceruupropriauqueeetuotameaue
765 3150 840 3276 {³⁰1¹
867 3149 918 3204 der
939 3148 1060 3204 Ansicht
1085 3147 1135 3203 der
1160 3148 1330 3220 Epikureer.

134 3222 178 3275 ‘si
195 3222 227 3274 ui
247 3237 321 3276 caus.
791 3264 797 3276 .
843 3227 887 3276 50.

177 3238 213 3345 97.
226 3223 306 3363 litys,
325 3309 347 3346 s.
361 3293 410 3359 III,
424 3298 459 3347 43
474 3310 497 3346 z.
511 3291 571 3363 Aye
585 3307 677 3362 porro.
806 3227 847 3347 ii.
867 3293 918 3359 ita,
936 3290 990 3345 wie
1014 3289 1069 3360 oft,
1088 3290 1331 3347 nachdrucksvoll

189 3366 214 3415 8.
233 3368 258 3416 et
282 3362 325 3417 lis
350 3363 498 3418 cumbulis.
542 3363 583 3417 Et
607 3361 638 3415 in
664 3361 716 3417 der
767 3363 843 3417 nach
857 3363 921 3416 dem
930 3362 1089 3418 Pronomen
1103 3362 1257 3418 demonstr.
1271 3364 1331 3418 und

153 3432 322 3502 Bedeutung
348 3431 455 3487 ‘auch'.
474 3431 514 3488 ist
540 3431 588 3487 bei
616 3431 713 3487 Cicero
767 3434 877 3492 relatis.
897 3435 1013 3504 gesetzt.
1052 3434 1088 3489 So
1111 3433 1151 3487 im
1174 3432 1331 3504 folgenden

152 3503 234 3557 nicht
252 3503 351 3570 selten,
371 3520 401 3558 es
419 3504 471 3558 hat
489 3505 565 3558 darn
579 3505 649 3558 stets
664 3520 712 3558 an·
767 3505 896 3576 Paragr.:
911 3506 983 3574 quod
996 3505 1330 3574 reseruassemus.

153 3574 713 3644 reihendanichtwieetram,steigernde
804 3582 846 3632 14.
867 3594 929 3638 uim
951 3593 1010 3631 uua
1026 3577 1113 3645 fucis
1130 3577 1175 3633 sit.
1212 3576 1241 3632 S.
1255 3582 1272 3644 5
1286 3583 1330 3634 80.

153 3646 239 3715 Kraft,
258 3647 317 3700 und
335 3645 407 3701 wird
425 3649 528 3717 gessgt
545 3646 599 3702 mit
616 3647 710 3701 neck·
804 3654 846 3704 15.
865 3648 1153 3717 wufiteri-uescire.
1182 3647 1237 3715 ἃς
1251 3654 1287 3704 'li
1306 3667 1330 3704 s.

153 3717 228 3772 sicht
264 3718 315 3772 auf
348 3717 432 3774 einen
473 3718 576 3773 vorher
613 3734 711 3787 ausge·
766 3721 886 3776 auduse.

153 3789 328 3858 sprochenen
359 3790 428 3845 oder
454 3808 487 3843 zu
517 3790 713 3860 erganzenden
804 3796 846 3845 16.
861 3791 957 3861 potius
979 3821 1011 3830 —
1030 3806 1113 3859 quam
1132 3821 1166 3833 -
1183 3807 1329 3848 sumre.

152 3859 307 3915 Gedanken
326 3861 394 3915 oder
412 3860 532 3931 Begriff,
555 3861 609 3916 wie
634 3860 711 3916 hier:
766 3860 1331 3932 Nachpotiusquaminderllcnstrulrtion

153 3931 244 3986 Wollt
266 3932 313 3987 ihr
340 3933 395 3986 den
423 3932 542 3988 (lettera
569 3932 623 3988 wie
646 3931 712 4002 jene
767 3932 1331 3991 desAccus.c.Inf.setutOicerosowohl

153 4003 259 4057 andern
277 4003 500 4074 Eigenschaften
518 4005 561 4058 als
580 4003 713 4058 wirklich
767 4005 822 4060 den
833 4003 967 4072 Infinitiv,
978 4004 1104 4059 slsauch
1116 4004 1172 4060 den
1181 4002 1330 4075 Konjunk-

151 4074 290 4144 beilegen,
302 4092 333 4130 so
342 4077 413 4129 auch
424 4075 585 4145 diejenigen
593 4074 711 4144 Numen,
765 4076 817 4133 tir.
831 4076 918 4132 Acad.
933 4076 1028 4146 11,aa:
1047 4076 1146 4132 detuit
1159 4076 1332 4135 emuncti

150 4145 204 4199 mit
231 4145 323 4201 denen
350 4145 401 4200 wir
428 4146 574 4201 disselben
602 4164 636 4200 zu
663 4147 712 4201 be·
766 4149 858 4204 dolore
884 4149 1003 4203 murari
1025 4148 1136 4219 potius,
1166 4164 1252 4219 quau
1278 4152 1333 4206 ast

152 4216 286 4270 seichnen
303 4216 434 4287 pflegen?
471 4218 535 4287 Vgl.
552 4218 669 4286 ll,155=
688 4223 713 4273 et
766 4219 889 4288 officium
902 4220 1007 4290 prodat
1024 4224 1075 4274 aut
1092 4220 1181 4288 fideus
1204 4217 1243 4273 sd
1260 4218 1331 4275 hm.

151 4289 343 4357 spedaculum,
359 4289 406 4357 lll,
418 4295 464 4344 11:
479 4291 593 4356 stillud,
608 4290 711 4357 Musa:
766 4290 895 4360 11‚1e‚s=
913 4307 1005 4345 uouue
1023 4291 1076 4346 tibi
1093 4290 1237 4359 affirmavi
1248 4290 1331 4361 qaid·

152 4359 192 4414 Ei
206 4361 360 4429 uacuus
377 4360 435 4414 und
453 4359 482 4415 G.
501 4361 531 4414 F.
551 4360 595 4415 W.
610 4360 713 4415 Muller
766 4363 808 4417 vis
832 4379 874 4417 me
891 4363 988 4432 potius
1005 4377 1215 4432 semmurum,
1244 4378 1332 4433 quan

143 4447 167 4483 a
184 4430 222 4482 de
240 4429 286 4484 ost
301 4430 323 4498 l,
335 4436 396 4487 133.
766 4449 800 4488 es
812 4433 901 4489 Italia
915 4433 953 4488 ad
967 4433 1065 4490 bellum
1083 4433 1162 4490 usu
1178 4433 1332 4492 mss
