2790 4800
432 225 748 297 L1B.1.0AP.aa,ae.
768 233 915 294 §ee-93.
1218 234 1259 299 79

79 393 211 458 luberet
239 392 275 457 in
303 391 436 457 homine
467 415 537 458 esse
559 391 710 457 Romano
740 395 868 457 tantam
896 391 1081 478 scientiam,
1110 416 1213 478 usque
1241 417 1261 458 a
1286 412 1289 416 ⁴

80 481 185 546 Thale
217 480 346 546 Milesio
379 482 418 547 de
451 482 585 547 deorum
616 486 735 546 natura
766 481 1038 566 philosophorum
1070 482 1259 547 sententias.

82 570 249 637 Omnesne
271 570 335 635 tibi
356 570 407 635 illi
429 570 567 636 delirare
589 571 652 637 visi
673 574 763 655 sunt,
787 570 844 657 qui
863 571 933 636 sine
951 571 1102 636 manibus
1122 576 1156 636 et
1173 571 1260 656 pedi·
1279 583 1312 635 92

80 661 146 726 bus
176 665 326 725 constare
353 659 449 724 deum
475 682 573 744 posse
601 659 825 725 decreverint?
875 658 926 725 Ne
952 660 1016 725 hoc
1044 661 1175 746 quidem
1202 682 1260 726 vos

45 769 61 810 a
82 753 195 814 movet
217 749 474 835 considerantes,
500 772 583 834 quae
601 749 646 814 sit
663 749 792 814 utilitas
812 771 958 834 quaeque
978 751 1207 834 opportunitas
1226 750 1262 815 in

81 837 217 903 homine
241 837 476 922 membrorum,
504 842 542 902 ut
564 838 715 903 iudicetis
739 839 895 903 membris
917 838 1070 904 humanis
1094 840 1171 905 deos
1194 861 1262 904 non

83 926 203 1013 egere?
241 925 326 1001 Quid
344 927 432 992 enim
450 927 587 1011 pedibus
607 949 689 1012 opus
709 932 760 993 est
778 927 848 992 sine
866 927 1039 1013 ingressu?
1062 929 1140 1012 quid
1159 929 1261 992 mani-

83 1017 160 1100 bus,
183 1015 212 1081 si
233 1015 318 1081 nihil
340 1015 679 1101 comprehendendum
702 1016 774 1081 est?
805 1017 883 1101 quid
905 1017 1031 1101 reliqua
1050 1017 1262 1102 discriptione

84 1105 232 1170 omnium
251 1105 396 1190 eorporis
415 1105 574 1191 partium,
596 1106 632 1171 in
650 1129 715 1192 qua
732 1105 816 1171 nihil
834 1106 944 1190 inane,
963 1105 1048 1170 nihil
1067 1107 1136 1170 sine
1156 1128 1262 1191 causa,

33 1213 65 1254 ro
83 1194 169 1258 nihil
192 1216 467 1279 supervacaneum
490 1195 563 1260 est?
608 1194 725 1279 Itaque
747 1195 839 1259 nulla
862 1217 914 1260 ars
937 1194 1062 1259 imitari
1081 1195 1263 1260 sollertiam

82 1288 221 1348 naturae
243 1286 362 1368 potest.
402 1283 548 1349 Habebit
570 1284 673 1371 igitur
695 1284 843 1371 linguam
867 1284 944 1348 deus
964 1288 998 1348 et
1015 1306 1083 1348 non
1100 1284 1262 1369 loquetur,

85 1372 212 1458 dentes,
230 1373 387 1458 palatum,
404 1372 514 1439 fauces
532 1373 660 1438 nullum
678 1374 719 1439 ad
736 1396 841 1457 usum,
861 1394 1007 1458 quaeque
1026 1373 1262 1456 procreationis

85 1483 184 1526 causa
212 1465 331 1527 natura
361 1462 490 1547 corpori
519 1462 679 1547 adfinxit„
700 1484 738 1527 ea
765 1462 890 1527 frustra
916 1461 1053 1527 habebit
1082 1463 1174 1547 deus,
1203 1483 1263 1526 nec

86 1553 220 1616 externa
247 1551 354 1637 magis
382 1574 480 1636 quam
507 1551 679 1634 interiora,
707 1573 776 1636 cor,
802 1551 988 1636 pulmones,
1015 1551 1118 1635 iecur,
1146 1556 1263 1636 cetera,

35 1661 65 1704 rs
86 1661 170 1725 quae
188 1639 335 1705 detracta
357 1641 503 1706 utilitate
527 1641 605 1725 quid
623 1640 746 1705 habent
763 1639 969 1705 venustatis?
1003 1640 1264 1725 quandoquidem

84 1728 168 1793 haec
190 1750 261 1794 esse
283 1729 319 1794 in
341 1730 402 1794 deo
423 1735 560 1814 propter
580 1729 858 1814 pulchritudinem
876 1730 985 1794 vultis.
1027 1728 1148 1794 Istisne
1167 1730 1265 1793 fiden-
1283 1740 1317 1790 93

86 1821 138 1882 tes
162 1818 298 1883 somniis
320 1840 389 1883 non
412 1819 510 1883 modo
529 1818 692 1903 Epicurus
713 1824 747 1883 et
765 1817 971 1883 Metrodorus
991 1822 1024 1883 et
1042 1817 1263 1883 Hermarchus

87 1910 203 1972 contra
231 1906 469 1993 Pythagoram,
498 1907 670 1972 Platonem
693 1908 989 1992 Empedoclemque
1016 1907 1180 1990 dixerunt,
1208 1906 1264 1970 sed

86 1995 296 2061 meretricula
332 1996 432 2061 etiam
463 1995 639 2061 Leontium
676 2001 790 2062 contra
822 1996 1085 2080 Theophrastum
1122 1995 1263 2061 scribere

36 2111 67 2152 ao
87 2107 169 2150 ausa
198 2085 270 2150 est?
308 2085 392 2151 seito
421 2086 480 2150 illa
507 2085 638 2170 quidem
666 2107 815 2151 sermone
843 2090 876 2150 et
904 2085 1031 2169 Attico,
1061 2085 1118 2150 sed
1144 2088 1264 2149 tamen.

86 2172 231 2239 Tantum
260 2173 396 2259 Epicuri
426 2174 543 2239 hortus
574 2175 692 2240 habuit
723 2174 884 2240 licentiae.
937 2174 983 2239 Et
1014 2174 1129 2238 soletis
1159 2173 1264 2258 queri3

88 2261 176 2328 Zeno
204 2263 336 2349 quidem
363 2263 463 2328 etiam
487 2264 650 2350 litigabat.
698 2263 783 2339 Quid
805 2263 911 2329 dicam
934 2262 1132 2329 Albucium?
1178 2261 1265 2328 Nam

126 2495 152 2546 8.
171 2491 361 2562 discriptione,
380 2510 401 2548 s.
420 2511 443 2548 z.
458 2497 526 2558 526.
740 2499 784 2549 20.
798 2493 899 2549 Attico.
927 2492 1003 2549 Orat.
1019 2497 1065 2548 90:
1086 2492 1266 2562 quicquidrst

128 2568 170 2617 10.
189 2564 261 2618 aruit
287 2579 526 2632 superuacaneum.
565 2562 650 2619 Diese
704 2566 808 2620 calaum
830 2571 880 2620 aut
897 2565 1007 2620 salubre
1025 2566 1057 2618 tu
1075 2563 1212 2630 oratioue,
1234 2563 1265 2618 id

90 2633 294 2704 teleologische
323 2633 584 2704 Weltanschauung
612 2635 651 2690 ist
700 2637 848 2706 propriam
866 2636 1022 2691 Atticorum
1040 2640 1086 2690 est.

91 2704 207 2760 stoisch.
227 2705 292 2775 Vgl.
306 2705 341 2772 ΙΙ,
354 2712 405 2760 120
419 2706 465 2776 flg.
740 2708 786 2763 ced
809 2712 899 2762 tamea
926 2724 963 2761 sc.
988 2706 1173 2772 meretricata,
1201 2704 1265 2758 eine

127 2777 235 2832 imitari
252 2803 280 2822 =
298 2777 432 2833 imitando
454 2779 581 2846 consequi
603 2778 649 2848 (ΙΙ,
704 2776 888 2848 Aposiopese.
896 2777 923 2833 S.
933 2777 1083 2845 adlamll,
1096 2781 1168 2844 16‚6:
1182 2773 1284 2830 Velim·

90 2850 151 2918 81),
170 2847 223 2902 wie
242 2846 281 2916 II,
296 2853 340 2903 24.
365 2849 443 2903 Brut.
460 2854 507 2904 70:
527 2849 651 2905 Canachi
704 2851 746 2905 ita
769 2851 813 2905 eit.
850 2850 904 2904 Sed
926 2856 1024 2904 tamen.
1058 2849 1094 2902 ad
1112 2847 1172 2902 Att.
1192 2847 1265 2912 XIV,

89 2921 174 2990 siqua
191 2920 337 2992 ripidiorc,
355 2936 438 2990 quam
460 2927 493 2976 ut
510 2921 653 2976 imitentur
708 2925 795 2989 121:
814 2922 902 2975 matta
920 2921 978 2975 illis
996 2920 1104 2986 Caesar,
1123 2934 1208 2987 neque
1225 2934 1266 2973 me

90 2992 239 3047 ceritatem.
707 2993 808 3057 invito,
850 2992 900 3046 etsi
936 2991 1080 3045 Latinitas
1115 2994 1175 3044 erat
1209 3005 1267 3044 noa

130 3067 172 3116 11.
201 3067 227 3117 ct
252 3079 311 3118 aon
333 3062 463 3131 loquetur.
500 3061 555 3116 Um
574 3061 652 3118 diese
706 3063 827 3132 ferenda.
870 3061 966 3116 Verum
984 3068 1082 3116 tamea.

92 3132 362 3203 Ungereimtheitzu
372 3132 541 3195 vermeiden
559 3133 654 3188 haben
743 3140 786 3189 21.
797 3133 917 3202 Epicuri
926 3134 1029 3198 hortus,
1042 3130 1095 3184 mit
1103 3129 1267 3200 Beziehung

93 3207 209 3276 opstare·
233 3203 390 3274 llpikureer
425 3203 507 3259 ihren
533 3203 654 3260 Gottern
708 3204 759 3259 auf
786 3205 842 3258 den
868 3203 995 3258 Lehrsitz
1021 3201 1155 3272 Epikurs,
1189 3201 1267 3256 einer

92 3276 168 3332 auch
185 3274 233 3331 die
246 3273 325 3330 Gabe
344 3275 394 3330 der
407 3275 484 3330 Reda
498 3275 652 3331 verliehen.
707 3277 761 3330 mit
790 3274 875 3329 allem
901 3273 1020 3344 rotigen
1047 3273 1177 3327 Zubehor
1203 3289 1265 3327 aus-

94 3347 159 3417 vgl.
173 3346 269 3401 Hirzel
287 3347 307 3415 Ι,
320 3352 380 3402 1‘12.
708 3347 890 3417 gestatteten,
927 3345 1112 3416 gerhumigen
1148 3343 1265 3398 (tarten-

121 3417 654 3488 runermarcturausnynlene,Schu—
708 3418 819 3486 anlage.
856 3417 938 3472 Nach
957 3417 1049 3472 dieser
1067 3414 1172 3471 beiden
1190 3415 1267 3470 aeine

93 3491 137 3546 ler
162 3489 220 3544 und
245 3488 419 3559 Nachfolger
438 3488 575 3560 Epikurs,
599 3506 655 3544 von
708 3490 862 3578 Anhhnger
904 3489 977 3543 auch
1013 3485 1073 3543 ‘die
1114 3504 1171 3542 von
1213 3487 1269 3541 den

95 3562 202 3617 diesem
224 3560 255 3615 in
277 3560 384 3615 seinem
402 3560 583 3615 Testamente
604 3561 653 3615 be·
709 3559 814 3615 Gtrten
846 3558 876 3614 οἱ
893 3556 949 3615 ἀπὸ
967 3561 1024 3614 τῶν
1037 3557 1144 3629 κήπων,
1163 3558 1268 3626 gerade

94 3633 212 3688 sonders
243 3632 376 3687 bedacht.
421 3631 488 3686 Man
515 3633 566 3687 hat
592 3631 655 3687 hier
709 3631 762 3686 wie
777 3631 824 3686 die
839 3627 1022 3686 Stoiker‘die
1036 3647 1092 3686 von
1106 3631 1157 3684 der
1170 3624 1266 3682 Halle'

93 3702 260 3772 vorafiglich
278 3720 315 3757 an
332 3701 410 3757 aeine
429 3702 572 3758 Schriften
589 3701 656 3773 περὶ
710 3700 740 3757 oi
759 3698 817 3756 ἀπὸ
836 3704 885 3771 τῆς
904 3703 987 3764 στοᾶς
1004 3703 1130 3771 genennt
1145 3700 1267 3754 werden.

90 3771 318 3846 Ἐμπεδοκλέους
345 3775 403 3829 und
425 3772 496 3844 πρὸς
515 3773 656 3829 Πλάτωνα
746 3774 787 3829 Et
813 3775 903 3828 soletis
922 3775 1014 3842 quarm
1031 3779 1057 3828 et
1075 3799 1102 3818 =
1126 3766 1268 3825 eitu‘und

95 3865 129 3902 zu
150 3845 274 3912 denhem,
298 3845 380 3913 TiteI,
400 3845 446 3900 die
465 3845 548 3915 Diog.
562 3845 654 3900 Laert.
710 3844 747 3898 da
760 3845 846 3913 noch,
866 3845 924 3898 und
939 3837 1089 3912 dennoch',
1104 3841 1157 3896 wie
1172 3847 1187 3907 ξ
1204 3847 1267 3896 10οε

94 3918 128 3987 Χ,
139 3924 175 3973 25
193 3916 359 3973 hberliefert
376 3918 434 3972 hat.
709 3916 750 3972 Et
767 3932 810 3972 eoo
827 3916 1010 3984 vituperabas.
1025 3946 1060 3955 -
1078 3914 1169 3983 queri,
1188 3929 1269 3966 wenn

133 3987 401 4046 19.Lcoutiumeino
412 3986 655 4054 attischeHettre,
709 3986 756 4041 ihr
773 3986 949 4056 angegriffen
966 3986 1081 4040 werdet.

95 4059 240 4117 Freundin
251 4058 386 4131 Epikurs‚
406 4060 495 4114 durch
504 4057 656 4113 Geistund
746 4065 789 4114 22.
808 4059 891 4125 Zeno,
910 4075 932 4112 s.
946 4063 961 4123 ς
976 4063 1018 4111 59.
1056 4055 1130 4111 Einl.
1146 4062 1161 4122 ξ
1177 4062 1218 4110 19.

94 4132 162 4188 Bild
265 4130 492 4202 ausgezeichnet.
554 4129 655 4184 Neben
747 4131 777 4184 T.
808 4130 955 4195 Albucium,
999 4127 1099 4181 Prttor
1138 4126 1169 4181 in
1205 4125 1269 4180 Sar-

96 4149 313 4261 ffimffiden
331 4203 406 4258 auch
424 4201 528 4256 andere
546 4200 655 4255 Frauen
709 4199 805 4255 dinien
833 4205 895 4267 105,
923 4199 1019 4252 wurde
1042 4197 1152 4279 infolge
1178 4197 1269 4253 seinos

95 4272 257 4330 Aufnohme
288 4272 320 4329 in
350 4273 406 4328 den
438 4272 655 4344 epikureischcn
709 4272 814 4340 langen
827 4270 1025 4324 Aufentheltes
1040 4287 1071 4323 m
1080 4269 1175 4324 Athen
1184 4271 1270 4340 place

94 4343 375 4417 Philosophenkreir.
402 4375 435 4386 -
464 4332 539 4399 Uber
564 4343 656 4398 Theo·
712 4343 834 4397 Graecae
863 4342 922 4396 und
948 4343 1088 4411 perfectus
1114 4341 1271 4411 Epicureus

93 4416 320 4490 phratasstc.
711 4414 802 4484 (Brut.
827 4416 899 4484 131).
942 4411 1055 4482 Wegen
1083 4411 1177 4467 seiner
1202 4412 1276 4464 uex-
