2790 4800
399 240 468 296 Iun.
482 211 516 296 Π.
532 240 610 297 οΑΡ.
626 246 738 297 ro-ar.
759 245 901 306 §so-54.
1177 243 1241 308 125

62 407 268 490 Φαίνωνᾳιιθ
287 427 307 469 a
327 404 460 471 Graecis
478 405 676 490 nominatur,
696 427 778 491 quae
798 427 817 468 a
836 408 924 469 terra
942 405 1036 470 abest
1053 405 1241 490 plurimum,
1264 413 1316 491 tn,
1335 421 1379 461 ar,

60 488 357 561 ffie'''‘annis
390 517 522 559 cursum
555 517 651 559 suurn
679 494 823 578 conficit,
856 493 891 557 in
919 517 983 578 quo
1012 517 1110 559 cursu
1137 495 1242 558 multa

60 582 259 649 mirabiliter
291 582 435 647 efficiens
470 587 541 647 tum
569 584 801 667 antecedend0,
833 587 903 646 tum
927 584 1136 668 retardando,
1169 588 1240 647 turn

60 671 258 757 vespertinis
281 672 484 755 temporibus
509 672 734 757 delitiscendo,
762 677 834 736 tum
857 673 1029 737 matutinis
1052 695 1182 737 rursum
1206 695 1241 736 se

21 760 252 847 reperiendo,
292 760 377 825 nibil
412 761 567 825 immutat
603 761 811 845 sempiternis
850 762 1031 826 saeclorum
1067 761 1242 845 aetatibus,

62 851 143 936 quin
180 850 292 914 eadem
328 849 431 914 isdem
467 849 670 935 temporibus
708 850 838 915 efficiat.
891 849 983 914 Infra
1014 855 1125 914 autem
1156 849 1242 914 hanc

60 939 198 1024 propius
222 960 242 1003 a
264 944 352 1004 terra
374 938 463 1004 Iovis
487 940 583 1004 stella
605 939 723 1024 fertur,
752 961 833 1024 quae
861 939 1007 1002 Φαέθων
1031 939 1163 1023 dicitur,
1193 962 1242 1003 ea-

63 1051 127 1114 que
150 1027 287 1092 eundem
310 1053 358 1092 x11
382 1027 551 1114 signorum
575 1029 688 1092 orbem
707 1051 800 1093 annis
819 1020 1020 1093 xn'c‘dfificit
1038 1026 1241 1113 easdemque,
1291 1034 1306 1073 ¹⁴
1319 1014 1374 1071 ²⁹³<

63 1139 145 1203 quas
170 1115 304 1182 Saturni
336 1116 444 1202 stella,
478 1116 579 1181 efficit
606 1116 641 1180 in
669 1139 766 1182 cursu
788 1118 973 1182 varietates.
1019 1117 1106 1182 Huic
1130 1120 1240 1182 autem
1259 1132 1294 1180 53

10 1227 42 1277 ro
62 1206 250 1290 proximum
271 1204 461 1270 inferiorem
481 1206 593 1271 orbem
614 1209 704 1271 tenet
724 1203 883 1297 Ilvpdrcg,
908 1229 989 1290 quae
1009 1206 1105 1270 stella
1123 1205 1240 1270 Martis

10 1328 12 1336 ·
62 1294 262 1379 appellatur,
294 1316 395 1393 eaque
423 1321 473 1360 1111
501 1299 534 1359 et
562 1321 606 1359 xx
634 1292 872 1380 mensibus'ii,
904 1300 942 1359 ut
965 1295 1094 1378 opinor,
1127 1295 1261 1358 diebus·

22 1468 25 1473 ι
63 1383 172 1448 minus
203 1382 342 1459 eundem
372 1382 493 1448 lustrat
521 1385 647 1469 orbern,
679 1407 777 1469 quern
805 1385 886 1448 duae
910 1384 1103 1467 superiores.
1149 1382 1241 1447 Infra

20 1480 24 1486 “
62 1471 149 1537 hano
186 1475 296 1536 autem
329 1472 426 1536 stella
456 1471 611 1537 Mercurii
644 1477 709 1558 est,
747 1496 791 1561 ea,
817 1475 972 1556 Στίλβων
1006 1473 1190 1557 appellatur
1222 1494 1241 1535 a

25 1557 213 1646 ''⁴Graecis3
245 1583 328 1645 quae
360 1582 445 1627 anno
477 1560 545 1626 fere
576 1548 951 1647 vertente'digffium
978 1562 1098 1626 lustrat
1128 1561 1241 1626 orbem
1326 1584 1356 1617 2·

10 1666 42 1710 ιε
62 1671 170 1735 neque
197 1671 217 1714 a
245 1649 313 1714 sole
343 1649 473 1736 longius
497 1673 653 1735 umquam
676 1650 773 1716 unius
797 1651 884 1737 signi
906 1651 1080 1715 intervallo
1104 1649 1241 1714 discedit

47 1743 136 1805 ¹turn
160 1741 380 1824 antevertens,
403 1743 475 1803 tum
498 1739 707 1824 subsequens.
753 1739 872 1805 Infima
895 1745 945 1804 est
968 1739 1111 1825 quinque
1135 1761 1241 1803 erran·

63 1827 149 1892 tium
168 1830 338 1912 terraeque
356 1828 505 1911 proxima¹
524 1828 621 1894 stella
635 1828 783 1914 Veneris,
803 1852 885 1913 quae
908 1826 1096 1910 Φωσφόρος
1110 1827 1241 1911 Graece,

62 1915 196 1981 Lucifer
227 1915 344 1980 Latine
376 1916 507 2002 dicitur,
545 1939 618 1982 cum
651 1918 877 2003 antegreditur
908 1918 1024 2001 solem,
1062 1938 1135 1981 cum
1169 1916 1242 1980 sub-

64 2005 214 2090 sequitur
236 2009 360 2089 antem,
374 2000 556 2107 “Q
592 2029 630 2072 ea
653 2029 784 2072 cursum
807 2029 893 2071 anno
918 2006 1049 2071 conficit
1072 2010 1106 2069 et
1128 2005 1240 2091 latitu-

10 2113 44 2172 πρ
64 2094 175 2158 dinem
205 2094 349 2158 lustrans
382 2094 532 2181 signiferi
565 2095 653 2160 orbis
687 2100 720 2161 et
751 2095 1004 2181 longitudinem,
1037 2092 1123 2179 quod
1155 2093 1242 2157 idern

62 2182 191 2248 faciunt
223 2183 338 2247 stellae
370 2184 568 2269 superiores,
603 2207 709 2269 neque
741 2176 896 2268 umquam
928 2184 969 2248 ab
994 2184 1070 2248 sole
1103 2183 1242 2246 duorum

64 2272 235 2357 signorum
256 2272 430 2374 intervallo
453 2273 583 2359 longius
602 2273 740 2338 discedit
758 2277 830 2338 tum
848 2273 1055 2358 antecedens,
1078 2277 1149 2337 tum
1169 2272 1242 2336 sub·
1260 2296 1301 2359 21

65 2382 215 2445 sequens.
265 2359 361 2426 Hanc
392 2362 496 2447 1gitur
527 2362 564 2427 in
595 2363 699 2427 stellis
733 2363 965 2447 constantiam,
997 2361 1082 2426 hanc
1113 2365 1241 2425 tantam
1260 2387 1295 2436 54

64 2453 136 2514 tarn
166 2449 266 2514 variis
299 2449 447 2516 cursibus
479 2451 515 2514 in
543 2451 632 2515 omni
659 2453 854 2517 aeternitate
878 2449 1140 2516 convenientiam
1162 2455 1242 2514 tem-

13 2557 47 2599 εδ
64 2560 184 2623 porum
210 2560 279 2603 non
304 2561 440 2623 possum
461 2539 653 2626 intellegere
677 2541 747 2605 sine
771 2545 893 2625 mente,
922 2541 1064 2624 ratione,
1095 2538 1241 2604 oonsilio.

67 2625 157 2702 Quae
190 2649 263 2691 cum
295 2627 331 2691 in
362 2628 522 2693 sideribus
554 2628 661 2694 inesse
693 2630 873 2714 videamus,
904 2652 971 2695 non
1000 2624 1175 2714 possumus
1204 2649 1242 2691 ea

64 2716 139 2800 ipsa
160 2738 228 2781 non
249 2716 284 2780 in
307 2716 439 2782 deorum
467 2739 603 2783 numero
630 2741 795 2803 reponere.
843 2717 914 2784 Neo
936 2741 1013 2783 vero
1037 2740 1093 2782 eae
1117 2717 1240 2800 stellae,

66 2827 150 2890 quae
172 2806 354 2870 inerrantes
378 2812 549 2893 vocantur,
571 2828 639 2872 non
662 2808 851 2894 significant
874 2807 1008 2872 eandem
1031 2810 1175 2871 mentem
1196 2809 1243 2869 at·
1313 2843 1317 2852 ·

1289 1286 1341 1318 -m

103 3001 127 3051 6.
146 2997 231 3064 Infra
248 3003 338 3053 ouum
355 2999 428 3053 banc
444 2998 490 3052 fur
509 3000 559 3052 das
578 3016 626 3067 ge·
717 3005 759 3055 15.
787 3002 874 3055 unius
900 3000 975 3069 siqui
1000 2999 1154 3063 intervallo,
1182 2997 1241 3049 also

65 3066 257 3122 wohnlichere
272 3069 350 3136 iufra
364 3071 437 3124 tanc
450 3077 553 3137 auton,
573 3069 626 3124 wie
681 3078 715 3125 30
735 3071 817 3138 (trad,
837 3070 867 3124 in
882 3068 1029 3123 Wahrheit
1043 3069 1167 3122 entfernt
1181 3067 1241 3126 sich

65 3139 103 3192 de
122 3136 168 3193 off.
187 3138 222 3208 Il,
237 3144 268 3194 8:
293 3147 388 3194 contra
410 3147 501 3196 autem
524 3143 626 3209 omnia,
681 3143 731 3195 der
749 3143 863 3196 Merkur
881 3158 935 3194 nur
957 3146 991 3195 28
1010 3139 1087 3194 Grad
1111 3156 1167 3192 von
1192 3138 1242 3192 der

66 3209 103 3281 qe
121 3226 143 3263 r.
161 3227 189 3279 p.
200 3208 247 3277 VI,
263 3216 310 3266 17:
337 3213 417 3279 iufra
442 3216 534 3267 autem
559 3229 626 3269 eam.
682 3213 783 3269 Sonne.

66 3278 192 3335 Ahnlich
216 3281 252 3334 de
279 3282 375 3350 finll,
391 3288 439 3337 43:
467 3290 528 3352 post
555 3286 627 3339 euim
719 3283 889 3351 lacunam
900 3282 1098 3352 224Tagen16
1108 3281 1243 3335 Stunden.

66 3351 259 3422 Chrysippum,
269 3353 310 3418 ,de
325 3353 371 3408 off.
385 3354 420 3422 11,
431 3361 478 3409 27:
493 3361 627 3424 postocro
716 3357 898 3420 latitudinem,
909 3355 1006 3409 indem
1019 3353 1080 3408 sich
1093 3352 1139 3406 die
1148 3353 1242 3406 Venus

66 3422 161 3479 Sarum
177 3423 329 3479 victorr'am.
683 3427 751 3481 bald
784 3426 849 3481 dem
880 3426 1058 3494 ndrdlichen‚
1083 3424 1151 3480 bald
1179 3424 1243 3477 dem

105 3499 147 3549 10.
164 3510 234 3564 qaue
250 3497 327 3551 aella
344 3496 447 3552 Martis
465 3498 630 3566 appellatur,
684 3498 833 3566 siidlichen
858 3498 956 3552 Raude
989 3497 1037 3551 des
1070 3494 1243 3550 Tierkreises

66 3581 134 3619 man
158 3567 289 3620 erwartet
314 3567 388 3620 nach
416 3568 481 3621 dem
508 3568 628 3622 Vorher-
681 3572 791 3627 nthert.

66 3635 217 3705 gehenden
242 3636 379 3692 vielmehr
404 3641 494 3694 'autb
517 3639 629 3710 Martis,
719 3650 762 3698 21.
788 3643 905 3698 duorum
928 3642 1068 3710 sipaorum
1091 3637 1243 3703 interuallo,

66 3723 138 3777 quae
156 3705 276 3777 Πυρόεις
294 3711 457 3778 appellatur.
683 3713 836 3768 hochstens
855 3720 889 3768 47
910 3710 993 3767 Grad.

105 3783 148 3832 12.
166 3778 280 3848 lustrat,
302 3781 374 3835 iiber
397 3781 443 3836 die
461 3781 630 3853 Bedeutung
719 3791 761 3840 24.
782 3792 838 3840 tum
856 3785 943 3839 variis
957 3781 1082 3837 cursibus
1096 3775 1243 3833 ‘trote-'.

67 3867 89 3903 ⁸·
105 3848 180 3919 l‚8'l·
720 3863 762 3911 26.
782 3858 841 3911 siue
862 3861 948 3909 mente
975 3855 1028 3906 etc.
1056 3850 1172 3906 vertritt
1198 3849 1244 3903 die

105 3925 148 3975 14.
166 3935 242 3976 anno
260 3952 295 3962 -
317 3930 433 3980 certeco
460 3925 575 3993 (reflex.)
602 3952 630 3973 ει
685 3926 773 3981 Stella
793 3927 842 3980 des
860 3922 1024 3979 Accusativs
1048 3922 1125 3976 eines
1148 3919 1243 3991 pr'adi-

66 3989 568 4136 trudaturralllhttl
583 3996 630 4123 {t}
683 3997 803 4123 talu
827 3999 851 4050 r
853 3996 1021 4121 tlt?
1035 4011 1070 4120 11⁰
1072 3996 1141 4119 dila
1151 3992 1175 4100 f
1177 3993 1261 4119 ut

67 4131 163 4188 Daucr
188 4133 239 4188 der
257 4133 473 4206 Planetenjahre
500 4137 630 4194 aiemlich
683 4089 840 4210 argenteum
860 4086 1024 4208 Oicpidinem
1040 4109 1101 4193 crim
1120 4137 1245 4205 lampade

67 4219 161 4328 {enan
189 4205 266 4273 sind,
294 4205 334 4261 ist
364 4207 412 4262 bei
440 4209 556 4264 Merkur
583 4210 630 4266 die
683 4212 743 4265 und
762 4212 781 4276 Ι,
793 4218 827 4265 30
848 4229 871 4264 a.
895 4211 954 4265 ane
979 4225 1096 4280 corpore.
1133 4206 1244 4277 Wogen

89 4273 131 4330 eit
147 4292 203 4331 von
222 4282 274 4332 365
294 4277 392 4348 Tagen
414 4279 471 4334 viel
494 4299 528 4334 zu
555 4282 631 4337 hoch
683 4284 834 4353 intellcpere
852 4299 873 4335 s.
889 4282 909 4348 1,
920 4286 963 4335 21.

66 4345 229 4417 bemessen,
248 4346 291 4403 sic
303 4348 418 4420 betrtgt
435 4350 466 4405 in
481 4351 632 4408 Wahrheit
720 4361 763 4409 27.
787 4355 819 4407 in
841 4354 952 4409 deorum
974 4368 1087 4407 numero
1108 4367 1243 4422 reponere,

65 4434 122 4473 nur
139 4423 174 4474 87
192 4417 270 4489 Tage
288 4426 322 4476 28
342 4420 477 4481 Stunden.
684 4443 706 4480 s.
720 4426 741 4495 Ι,
756 4430 790 4480 38
805 4443 828 4480 z.
845 4440 972 4494 reponere
990 4425 1023 4479 ia
1040 4424 1110 4480 deos.
