2790 4800
428 240 495 296 ura.
510 241 545 295 11.
560 241 627 312 cap.
642 246 689 310 ae,
705 214 907 308 armar-ee.
1192 245 1257 312 135

78 409 192 470 custos
221 404 435 488 intumarum,
467 404 572 469 omnis
604 409 637 469 et
666 405 811 489 precatio
836 409 870 469 et
893 405 1087 470 sacrificatio
1112 410 1257 471 extrema

78 498 140 559 est.
185 492 256 559 Nee
286 494 385 580 longe
417 493 538 558 absunt
570 493 611 558 ab
643 492 705 558 hac
736 494 769 559 vi
799 494 832 558 di
860 493 999 559 Penates
1028 495 1095 559 sive
1123 518 1143 559 a
1169 517 1257 579 penu
1275 505 1311 555 68

25 623 29 629 -
79 583 179 648 ducto
201 583 334 648 nomine
353 580 418 669 (est
437 583 523 647 enim
543 605 652 667 omne,
675 606 740 669 quo
758 587 936 649 vescuntur
953 583 1116 669 homines,
1138 581 1257 694 penus)

79 672 148 737 sive
176 672 218 736 ab
241 694 293 756 eo,
324 672 411 757 quod
432 672 563 756 penitus
586 671 743 758 insident3
776 695 816 736 ex
839 694 903 756 quo
927 672 1026 736 etiam
1046 670 1241 756 ‘penetrales

44 781 60 822 e
79 784 99 825 a
121 761 228 846 po‘e’tis
251 764 417 826 vocantur.
463 761 535 826 Iam
557 759 722 845 Apollinis
745 783 865 826 nomen
888 765 939 826 est
963 760 1136 847 Graecum,
1159 784 1256 847 quem

80 848 191 915 Solem
220 872 291 915 esse
320 850 444 915 volunt.
489 848 631 914 Dianam
661 854 770 914 autem
801 855 834 915 et
863 850 990 915 Lunam
1021 851 1155 915 eandem
1185 873 1256 917 esse

77 943 212 1023 putant,
236 960 309 1004 eum
329 937 385 1003 Sol
407 939 514 1004 dictus
538 939 596 1024 sit,
618 940 671 1004 vel
695 939 771 1024 quia
795 928 884 1004 soliis
908 961 947 1005 ex
971 939 1121 1004 omnibus
1146 940 1257 1004 sideri-

78 1029 140 1092 bus
165 1032 215 1092 est
238 1031 350 1092 tantus
373 1028 426 1092 vel
450 1028 540 1113 quia,
563 1050 637 1092 eum
660 1033 711 1093 est
730 1032 876 1113 exortae,
900 1029 1082 1093 obscuratis
1104 1029 1254 1096 omnibus

79 1117 169 1182 solus
193 1120 341 1202 apparet,
364 1116 458 1181 Luna
481 1140 500 1181 a
521 1117 659 1182 lucendo
682 1117 852 1182 nominata
875 1118 932 1203 sit3
959 1117 1071 1182 eadem
1094 1122 1145 1183 est
1168 1119 1256 1184 enim

30 1227 60 1265 ro
78 1204 212 1270 Lucina.
258 1205 387 1290 Itaque,
409 1209 448 1270 ut
464 1206 551 1290 apud
570 1204 711 1271 Graecos
731 1205 884 1291 Dianam,
908 1229 1043 1291 eamque
1061 1205 1255 1294 Luciferam,

78 1295 127 1360 sie
163 1295 249 1379 apud
283 1298 415 1360 nostros
451 1295 610 1360 Iunonem
642 1295 800 1360 Lucinam
831 1295 867 1359 in
898 1295 1054 1379 pariendo
1086 1295 1255 1383 invocant3

78 1405 162 1468 quae
194 1383 306 1448 eadem
335 1382 445 1448 Diana
466 1378 665 1471 ‘omnivaga’
697 1384 831 1468 dicitur,
862 1406 930 1449 non
959 1407 979 1448 a
1005 1385 1166 1469 venando,
1198 1386 1254 1450 sed

77 1472 166 1557 quod
188 1472 224 1536 in
247 1477 373 1557 septem
394 1477 586 1537 numeratur
604 1478 773 1558 tamquam
790 1473 996 1559 vagantibus.
1033 1471 1140 1538 Diana
1158 1474 1255 1560 dicta,
1274 1485 1308 1534 69

78 1561 156 1646 quia
176 1566 278 1626 noctu
301 1561 396 1647 quasi
418 1562 504 1627 diem
528 1561 680 1627 efficeret.
725 1560 912 1627 Adhibetur
934 1567 1044 1626 autem
1068 1562 1109 1627 ad
1131 1568 1255 1648 partus,

44 1671 57 1712 5
77 1650 166 1735 quod
183 1650 208 1715 ii
226 1655 452 1715 maturescunt
470 1655 527 1715 aut
546 1655 757 1758 septemyn
774 1674 955 1736 numquam
973 1655 1039 1735 aut,
1057 1656 1095 1715 ut
1113 1653 1254 1737 plerum·

77 1761 155 1824 que,
177 1761 295 1804 novem
316 1740 413 1804 lunae
437 1740 601 1825 curemur,
624 1763 680 1825 qur
704 1741 781 1826 quia
803 1763 917 1805 mensa
940 1740 1048 1825 spatia
1069 1741 1256 1826 conficiunt,

76 1823 230 1894 ‘menses'
254 1828 475 1895 nominantur.
521 1826 764 1915 Concinneque‚
794 1833 832 1895 ut
854 1831 972 1915 multa,
1001 1829 1168 1916 Timaeus,
1198 1830 1255 1915 qui

114 2010 138 2058 1.
157 2004 289 2058 anaie-
303 2009 637 2059 extremaert=eatremo
692 2003 785 2059 dieser
820 2003 924 2058 Mond·
966 2004 1025 2058 und
1064 2002 1252 2073 Licurgauin,

75 2075 135 2129 loeo
159 2081 205 2130 eet.
254 2072 395 2145 Beispiele
426 2091 483 2129 von
510 2074 638 2130 Gebeten
691 2075 800 2130 welche
822 2074 953 2144 augleioh
972 2092 1027 2129 von
1042 2075 1127 2129 alters
1146 2076 1198 2130 her
1211 2074 1254 2129 als

75 2146 135 2199 und
144 2144 262 2228 Opima,
278 2146 324 2199 die
334 2145 388 2199 mit
396 2146 484 2200 Janae
496 2146 637 2216 beginnen
692 2146 738 2200 die
757 2147 927 2215 machtigste
953 2145 1170 2216 Geburrsgouin
1197 2162 1254 2200 von

75 2216 295 2272 nndmrtVesta
311 2217 448 2286 eadigam
466 2218 562 2271 finden
576 2218 637 2272 sich
692 2218 747 2272 den
764 2218 888 2272 Romern
907 2216 1068 2286 angesehen
1086 2218 1191 2285 warde,
1211 2233 1253 2271 er-

77 2287 221 2342 zahlreioh
239 2287 268 2341 in
279 2288 421 2344 dentahb.
431 2287 464 2343 fr.
474 2290 570 2344 Arval.
586 2287 637 2344 Bei
692 2289 804 2344 scheint
823 2291 917 2358 eptter
930 2287 1040 2358 infolge
1054 2288 1254 2358 griechischen

75 2357 279 2414 denGrieehen
293 2359 389 2414 warne
403 2360 491 2414 Vesta
504 2361 636 2430 genthn-
691 2359 842 2414 Einflueses
871 2361 936 2414 sehr
960 2359 1057 2430 haufig
1084 2359 1131 2414 die
1155 2361 1254 2415 Diana

75 2428 137 2484 lieh
155 2446 192 2484 an
211 2431 299 2485 erster
317 2429 406 2485 Stella
425 2430 587 2500 angerufen.
692 2431 855 2487 Lacimaals
869 2431 1093 2501 Geburtagtttin.
1111 2431 1253 2502 Vgl.Hor.

113 2507 139 2557 2.
157 2501 303 2573 Neeloaye
316 2504 461 2558 abeant-
476 2503 637 2558 atPemtea
693 2520 777 2557 earm.
793 2519 865 2558 saec.
877 2508 919 2557 15.

75 2571 135 2627 Der
153 2572 230 2628 Herd
249 2589 307 2626 war
329 2572 460 2644 augleieh
485 2574 535 2628 der
557 2574 639 2628 Altar
729 2580 771 2628 12.
795 2575 950 2645 omaioaqa.
982 2573 1080 2628 Dieees
1099 2572 1254 2643 Epitheton

75 2642 187 2728 fiir-die
205 2643 339 2700 Penaten.
396 2715 402 2726 Ι
559 2714 565 2726 ·
692 2645 781 2700 findet
800 2644 1103 2714 sichsonstnirgenda‚
1123 2645 1254 2715 dagegen
1365 2672 1368 2677 ·

74 2731 213 2841 velitri
232 2715 639 2868 teltalsgfttlttu
692 2716 720 2770 a
721 2717 1172 2860 ⁰1‘tfalltlilavatlailiiu
1215 2805 1254 2845 a.

70 2858 186 2928 penitae
203 2858 310 2913 medor
327 2874 383 2928 eng
400 2857 454 2912 mit
474 2875 564 2928 pereae
590 2876 635 2912 zu·
690 2861 784 2925 mellic,
803 2858 850 2914 die
869 2858 1021 2927 Planeten,
1041 2877 1075 2912 zu
1093 2858 1186 2913 denen
1205 2858 1252 2913 die

74 2929 302 2999 eammenhangt.
338 2929 483 2984 Demnaeh
502 2928 566 2984 sind
590 2929 637 2984 die
690 2930 777 2984 Alten
795 2929 868 2984 auch
887 2928 979 2984 Sonne
997 2930 1055 2982 und
1069 2929 1156 2983 Mond
1174 2930 1253 2983 reeh·

74 2999 201 3055 Penaten
228 2998 276 3054 die
307 2999 504 3056 freundliehen
537 3000 637 3056 Gotter
690 3004 784 3056 neten.
805 3031 839 3041 —
852 3007 1006 3069 tamquam,
1027 3001 1103 3055 denn
1119 3002 1191 3067 satae
1208 3017 1254 3056 ao·

75 3070 127 3124 des
145 3070 267 3139 Hauser,
295 3070 341 3126 die
364 3072 410 3126 h'ir
437 3071 484 3126 die
511 3071 637 3142 t‘agliehe
692 3078 792 3128 eaatm
809 3077 931 3126 errantes
948 3073 975 3142 (ξ
986 3073 1039 3141 51).

74 3141 215 3212 Nahrung
232 3158 342 3213 surgen.
727 3143 1068 3211 Diana-diemaffieeret.
1084 3141 1255 3197 InderThat

112 3220 138 3269 3.
157 3219 197 3270 ea
214 3215 287 3269 eaim
300 3231 376 3270 omae
391 3245 425 3255 -
434 3231 533 3285 penas.
551 3214 637 3284 Verg.
692 3212 1255 3269 stamineabeideWortevonderWurael

75 3285 145 3340 Aen.
167 3285 188 3354 1,
212 3291 275 3340 toa:
305 3287 405 3355 quibas
435 3287 531 3342 ardiae
557 3287 638 3357 leaeo
691 3287 738 3341 dio
757 3286 801 3351 ab,
820 3285 927 3339 welche
943 3280 1095 3338 ‘leuchten'
1110 3285 1254 3341 hedeutet.

73 3372 145 3412 cura
159 3373 264 3426 penam
281 3362 392 3412 atraere.
729 3364 770 3412 16.
789 3372 882 3412 measa
900 3357 1000 3426 spatia.
1026 3355 1079 3411 Die
1097 3357 1195 3411 Worte
1208 3356 1255 3410 fiir
1290 3374 1294 3383 ·

112 3433 138 3482 4.
182 3429 311 3484 metrales
339 3445 358 3482 a
380 3429 472 3498 poetis
496 3434 637 3484 vocamur.
691 3428 779 3483 Mond
807 3428 875 3482 oder
893 3428 992 3483 Manat
1019 3427 1083 3482 sind
1116 3427 1147 3481 in
1178 3427 1254 3482 allen

73 3497 141 3553 San.
156 3445 224 3554 (iad.
239 3505 304 3554 265:
317 3516 460 3571 perreqaa
469 3501 639 3570 iaroperqae
691 3498 977 3581 indogermanisehen
986 3498 1130 3569 Spraehen
1145 3499 1195 3553 auf
1206 3498 1254 3554 die

69 3571 226 3640 penetrales
243 3572 315 3626 deos.
692 3570 807 3625 Wurzel
824 3570 879 3638 mei,
900 3571 946 3624 dre
964 3566 1089 3625 ‘mersen'
1108 3570 1252 3639 hedeutet,

113 3643 197 3697 mel
214 3644 282 3712 qaia
300 3643 382 3698 aolus.
410 3641 495 3696 Diese
523 3641 637 3711 Etymo·
691 3642 939 3696 zuriickzufr'ihren.

72 3711 161 3782 logie,
181 3714 289 3768 welche
307 3730 364 3768 von
383 3711 557 3798 Chrysippus
574 3713 637 3766 her·
728 3720 770 3769 17.
790 3713 929 3769 Ooaciaae
946 3711 1015 3766 wird
1031 3711 1255 3779 gebrauchtvon

72 3785 165 3852 riihrt
180 3779 325 3853 Ἀπόλλων,
344 3780 389 3839 ὅτι
407 3803 493 3853 aevae
513 3780 571 3838 ἐστὶ
588 3782 638 3837 aul
691 3785 743 3839 der
761 3784 993 3854 symmetrisehen
1011 3782 1185 3852 Gliederung
1203 3782 1255 3836 der

72 3851 477 3929 orixlaottol(llaerob.l‚1⁷),
487 3855 638 3909 iethtchet
691 3855 783 3923 Reda,
800 3855 862 3909 eine
873 3853 1139 3908 eharakteristiaehe
1149 3853 1253 3921 Eigen-

74 3926 253 3982 wanderbar.
289 3927 347 3981 Das
361 3926 445 3981 Wort
463 3927 501 3981 ist
515 3926 566 3980 auf
577 3925 637 3981 die·
690 3925 873 3981 tumliehkeie
887 3925 936 3979 des
951 3923 1037 3979 Stiles
1052 3925 1101 3979 des
1113 3923 1252 3978 Timaeus.

74 3997 155 4053 eelbe
178 3997 293 4053 Wurael
317 3997 559 4052 zuriiekzuffihren
583 3996 638 4050 wie
691 3997 770 4052 Brut.
790 4003 855 4051 325:
878 4013 977 4065 ymera
999 4002 1089 4051 autem
1112 3996 1254 4050 Asiaticae

72 4061 193 4137 att-tce,
214 4067 344 4139 σελ-ήνη.
374 4067 498 4138 Curtius,
517 4067 637 4124 Grande.
692 4069 822 4124 dictionis
847 4068 903 4123 dae
928 4073 1009 4122 caat.-
1034 4083 1123 4123 amam
1147 4072 1252 4121 cratea-

72 4141 102 4196 d.
117 4158 159 4211 gr.
169 4140 227 4198 Etl.
236 4160 265 4212 p.
275 4146 337 4196 551.
690 4141 790 4195 tiorum
809 4145 834 4194 et
860 4145 1004 4209 aramum,
1030 4138 1170 4194 aememia'a
1196 4154 1254 4192 aaa

113 4218 156 4268 10.
178 4213 339 4281 Iaeotferam
361 4238 389 4257 =
409 4207 533 4281 Ἄρτεμιν
561 4229 638 4281 aaa-
691 4217 748 4266 tam
770 4211 901 4279 yraeihae
923 4216 947 4265 et
970 4212 1068 4265 seceris
1089 4226 1172 4278 qaam
1190 4225 1253 4264 eoa·

71 4279 198 4410 gome
202 4283 273 4412 dam
271 4283 320 4339 bei
346 4283 402 4408 (liter
428 4281 569 4337 Grieehen
595 4282 637 4336 als
692 4283 784 4408 {iamir
802 4282 976 4349 maculatim
994 4280 1085 4350 qualia
1098 4281 1255 4336 imhistom'a

101 4371 117 4410 e
274 4373 294 4409 n
312 4371 349 4424 ga
375 4397 380 4409 .
716 4369 828 4408 imaeue.

113 4431 156 4482 11.
180 4373 319 4484 aimaem
347 4426 494 4482 Lucinam.
537 4423 639 4479 Neben
729 4424 856 4480 Timaeus
883 4439 933 4477 aur
961 4421 1179 4477 Tauromenium
1206 4420 1258 4477 auf
