2790 4800
169 226 213 292 50
556 221 605 275 oa
624 220 773 275 reruni
790 219 966 277 oroaun..

170 408 252 472 quae
275 390 393 450 natura
416 384 555 449 fluerent
578 389 676 469 atque
699 388 878 469 manarent,
901 387 939 448 ut
963 388 996 448 et
1019 407 1138 469 aquam
1167 387 1200 448 et
1224 388 1354 448 terram

170 480 203 539 et
226 481 314 539 a'c'ra:
339 475 455 557 solem,
484 474 612 557 lunam,
643 473 750 537 sidera
781 473 1094 558 universitatemque
1126 495 1250 557 rerum,
1286 496 1354 558 qua

170 564 279 628 omnia
302 563 556 647 continerentur,
580 567 678 648 atque
693 563 792 626 etiam
810 562 959 627 homines
984 585 1049 647 coe,
1073 562 1129 646 qui
1152 561 1353 626 immortali

115 665 150 714 46
169 657 272 718 tatem
297 656 407 717 essent
431 651 606 715 consecuti.
652 651 806 736 Idemque
830 651 977 736 disputat
997 651 1130 716 aethera
1161 673 1233 716 esse
1265 672 1352 736 eum,

170 765 267 827 quem
281 741 430 805 homines
440 739 552 804 Iovem
567 740 778 826 appellarent,
794 741 913 826 quique
929 747 983 805 air
997 763 1056 825 per
1070 739 1174 804 maria
1188 744 1352 824 manaret,
1368 759 1381 801 i

170 853 242 895 eum
267 852 338 894 esse
361 828 562 913 Neptunum,
586 834 772 913 terramque
796 852 867 894 eam
892 851 978 914 esse,
1003 851 1085 914 quae
1110 826 1207 893 Ceres
1228 828 1353 894 dicere

169 924 236 1003 tur,
256 918 421 1003 similique
439 918 566 983 ratione
581 918 789 1003 persequitur
807 919 965 983 vocabula
983 918 1184 1003 reliquorum
1204 918 1352 983 deorum.

169 1008 324 1092 Idemque
348 1007 447 1072 etiam
470 1007 553 1093 legis
584 1012 760 1091 perpetuae
791 1011 823 1071 et
853 1012 1003 1071 aeternae
1033 1007 1110 1092 vim,
1140 1029 1223 1092 quae
1255 1007 1354 1092 quasi

170 1098 235 1160 dux
257 1097 344 1161 vitae
373 1099 406 1160 et
435 1096 595 1181 magistra
623 1095 807 1161 officiorum
836 1097 892 1181 sit,
922 1096 1034 1162 Iovem
1065 1095 1145 1160 dicit
1175 1118 1248 1161 esse
1282 1118 1355 1160 ean·

170 1186 307 1270 demque
339 1183 473 1249 fatalem
511 1185 741 1249 necessitatem
781 1185 938 1270 appellat,
973 1185 1207 1270 sempiternam
1239 1205 1391 1249 rerumn

169 1273 355 1351 futurarum
369 1274 555 1359 veritatem3
575 1296 713 1358 quorum
728 1274 812 1338 nihil
830 1274 895 1338 tale
915 1278 979 1358 est,
997 1279 1035 1338 ut
1055 1278 1088 1337 in
1112 1296 1150 1338 eo
1168 1273 1219 1338 vis
1238 1273 1355 1339 divina

116 1375 150 1423 41
169 1363 276 1428 inesse
299 1363 455 1428 videatur.
501 1362 547 1426 Et
578 1361 659 1426 haee
689 1362 819 1447 quidem
851 1363 887 1426 in
913 1363 1020 1447 primo
1048 1363 1134 1427 libro
1163 1363 1203 1427 de
1228 1367 1356 1428 natura

170 1453 317 1535 deorum3
354 1451 389 1515 in
426 1451 566 1516 secundo
604 1455 714 1515 autem
750 1453 821 1516 vult
858 1451 994 1537 Orphei,
1032 1451 1174 1536 Musaei,
1211 1450 1355 1517 Hesiodi

169 1541 370 1625 Homerique
393 1538 529 1605 fabellas
545 1540 789 1605 accommodare
808 1540 849 1605 ad
868 1563 921 1626 ea,
945 1563 1027 1626 quae
1046 1541 1116 1625 ipse
1135 1540 1243 1625 primo
1265 1540 1354 1606 libro

170 1630 208 1694 de
232 1629 294 1694 diis
318 1629 560 1693 immortalibus
584 1628 723 1714 dixerat,
746 1633 784 1693 ut
809 1629 908 1693 etiam
936 1630 1102 1694 veterrimi
1131 1634 1265 1714 poetae,
1297 1630 1391 1715 quin

169 1718 313 1783 haecne
337 1717 494 1802 suspicati
518 1717 648 1801 quidem
672 1717 754 1803 sint,
780 1716 883 1783 Stoici
905 1717 1007 1783 fuisse
1031 1719 1212 1783 videantur.
1244 1716 1355 1794 Quem

169 1806 335 1893 Diogenes
359 1805 561 1891 Babylonius
587 1828 786 1891 consequens
814 1808 850 1871 in
878 1829 915 1872 6ο
943 1807 1042 1892 libr0,
1071 1807 1127 1892 qui
1155 1807 1355 1873 inscribitur

170 1898 209 1961 de
232 1895 392 1979 Minerva,
415 1899 547 1980 partum
570 1894 658 1960 Iovis
683 1901 856 1981 ortumque
879 1896 1017 1982 virginis
1042 1897 1082 1960 ad
1104 1895 1355 1984 physiologiam

170 1985 342 2051 traducens
366 1984 509 2071 diiungit
532 2007 551 2048 a
573 1983 694 2049 fabula.

207 2203 231 2251 1.
245 2198 359 2264 fluerent
376 2201 457 2263 atque
474 2201 628 2250 niunurent.
652 2194 734 2248 Naoh
788 2212 849 2250 enni
875 2211 975 2250 causae
1000 2211 1084 2250 cause
1107 2211 1179 2250 neno
1197 2211 1256 2250 rem
1276 2213 1311 2251 666
1327 2212 1357 2251 se

171 2265 344 2336 Chrysippus
371 2265 435 2318 sind
461 2264 507 2319 die
530 2265 677 2320 Elementa
702 2264 733 2318 in
788 2267 892 2336 yiynet.
926 2265 973 2320 Ea
992 2273 1029 2321 eet
1047 2283 1081 2320 666
1099 2267 1175 2321 omni
1189 2269 1357 2323 aeternitate

172 2337 263 2391 einem
287 2335 396 2406 ewigen
415 2335 513 2390 Flussc
537 2336 594 2389 und
619 2335 648 2389 in
666 2336 733 2390 fort
786 2339 874 2460 paens
892 2338 1019 2392 neritus
1036 2339 1253 2407 corripiterna.
1288 2338 1355 2409 Vgl.

170 2407 347 2461 wthrendem
372 2395 542 2476 llbergange
567 2407 733 2461 ineinander
801 2408 835 2475 ΙΙ,
845 2414 887 2462 14.

170 2478 317 2548 begriffen.
336 2478 401 2547 Vgl.
412 2478 446 2543 ΙΙ,
457 2482 500 2531 84.
511 2508 545 2517 -
556 2478 613 2532 Das
628 2478 732 2548 Imper·
823 2495 951 2548 quornm,
975 2497 996 2535 s.
1016 2484 1079 2545 §29
1100 2499 1122 2536 a.
1141 2496 1212 2550 quae
1230 2511 1267 2521 —
1288 2498 1354 2551 per·

171 2550 278 2605 fectum
291 2551 417 2618 (tuerent,
436 2549 570 2602 withrend
584 2549 652 2602 imru
670 2566 732 2603 vor·
787 2551 913 2620 spicuam
931 2557 976 2605 eet.

171 2619 735 2675 herdasPr'asensverseturstand.Dieser
823 2627 865 2678 13.
883 2622 1013 2690 Orpheus,
1029 2621 1104 2677 Sohn
1117 2623 1166 2676 des
1176 2621 1284 2693 Apollo
1295 2624 1354 2678 und

172 2690 307 2746 Wechsel
340 2691 389 2744 des
417 2690 493 2746 Prtts.
526 2692 585 2745 und
619 2690 733 2762 imperf.
788 2693 837 2746 der
848 2691 985 2763 Calliope,
995 2692 1041 2747 ein
1051 2692 1353 2765 mythischerSltnger.

172 2762 211 2817 ist
226 2761 273 2816 bei
284 2760 380 2816 Cicero
392 2762 467 2815 nach
476 2762 733 2832 voraufgehendenr
787 2763 826 2817 Er
851 2763 913 2833 galt
939 2764 980 2818 als
1007 2765 1057 2818 das
1076 2764 1174 2834 Haupt
1200 2764 1252 2820 der
1279 2784 1352 2836 mys·

173 2835 241 2891 dicit
267 2833 325 2886 und
353 2834 395 2887 ait
421 2833 518 2903 h'aufig
546 2834 603 2887 und
628 2833 734 2888 66161666
786 2833 898 2890 tischen
913 2834 1000 2889 Sekte
1014 2835 1064 2890 der
1074 2834 1224 2905 Orphiker.
1248 2836 1353 2892 Seiron

173 2904 234 2961 sich
262 2903 352 2979 leicht
379 2905 493 2972 darana,
527 2903 583 2958 dan
611 2904 657 2958 die
686 2921 734 2957 an·
788 2905 898 2960 Namen
918 2907 985 2976 trug
1002 2906 1155 2960 besonders
1175 2905 1238 2960 eine
1261 2907 1352 2963 Theo·

172 2976 304 3047 gefthrte
318 2974 472 3045 Aullemng
491 2975 533 3029 als
552 2975 647 3030 solche
662 2993 735 3029 zuar
788 2977 885 3045 gonie,
899 2975 930 3030 in
944 2977 1066 3031 welcher
1077 2977 1122 3033 die
1132 2977 1352 3047 theologischen

173 3049 223 3103 der
241 3047 473 3118 Vergangenheit
501 3048 666 3118 6669616661,Ι
690 3047 735 3100 1166
788 3047 898 3102 Lehren
921 3048 971 3102 der
993 3048 1162 3118 orphischen
1182 3048 1352 3105 861666166-

172 3119 268 3173 Inhalt
310 3120 377 3174 aber
414 3117 522 3187 infolge
561 3119 611 3173 der
648 3118 734 3172 Uber·
788 3119 907 3190 gestellt
924 3135 1027 3173 waren.
1064 3119 1129 3188 Vgl.
1144 3126 1159 3187 6
1176 3126 1236 3175 161.

173 3189 314 3259 lieferung
328 3188 372 3262 bis
386 3188 416 3242 in
428 3189 475 3244 die
488 3189 656 3259 Gegenwart
667 3189 735 3244 fort·
824 3191 970 3257 Musaeus,
995 3189 1114 3245 Schtiler
1138 3190 1188 3246 des
1212 3189 1350 3262 Orpheus,

173 3261 295 3315 besteht.
323 3260 448 3314 Ahnlich
462 3261 509 3328 ΙΙΙ,
522 3267 567 3316 70:
586 3267 734 3316 uterentur.
789 3262 862 3315 auch
894 3261 954 3315 ihm
985 3261 1055 3315 wird
1089 3260 1152 3316 eine
1184 3260 1351 3333 Theogonis

210 3337 234 3384 2.
259 3332 528 3400 universitatemque,
554 3348 603 3400 qne
629 3348 735 3384 zusam-
789 3331 1016 3401 augeschrieben.

173 3401 353 3455 menfassend
372 3399 442 3455 ‘und
461 3400 641 3471 uberhaupt’.
827 3410 867 3458 16.
887 3403 973 3459 Stoici
989 3405 1076 3473 fuisse
1093 3405 1250 3462 6661666666.
1289 3403 1350 3459 Son.

211 3474 361 3527 6166661666
368 3488 418 3527 eos.
432 3471 733 3542 Chrysippusglaubte‚
789 3490 832 3544 ep.
848 3479 890 3542 88,
906 3479 935 3528 4:
959 3476 1037 3530 nodo
1059 3475 1181 3532 &cicun
1199 3475 1351 3531 Homerum

175 3545 231 3598 dass
257 3542 303 3597 die
328 3542 428 3598 Seelen
454 3544 504 3598 der
522 3542 637 3597 Weisen
662 3544 736 3597 nach
787 3546 912 3614 faciunt,
945 3548 1023 3602 niodo
1055 3547 1240 3617 Epicureum,
1274 3546 1351 3605 niodo

174 3616 239 3671 dem
252 3615 329 3669 Tode
344 3614 546 3670 fortdauerten.
566 3615 631 3684 Vgl.
646 3615 680 3682 ΙΙ,
692 3621 733 3670 62.
788 3617 1014 3686 Peripateticum,
1033 3620 1110 3673 nodo
1126 3619 1331 3674 Academicum.

210 3693 234 3740 4.
255 3687 364 3741 aethera
383 3717 417 3726 -
433 3687 537 3754 Iovem,
557 3704 578 3741 s.
593 3687 627 3753 ΙΙ,
639 3693 680 3741 66.
827 3688 935 3743 17.Dio
953 3688 1202 3760 enesBatyionius,
1211 3686 1350 3744 6166861611-

211 3764 234 3812 6.
250 3758 349 3827 quique
362 3759 632 3827 uer—Neptunum.
662 3756 735 3812 Phil.
789 3758 832 3814 ler
858 3760 907 3813 des
932 3706 1116 3830 tihrysippua
1142 3759 1279 3831 gebertig
1301 3776 1350 3815 aus

174 3847 202 3899 p.
223 3835 256 3883 80
272 3827 304 3883 G.
342 3824 392 3882 τὸν
416 3826 447 3883 dt
472 3827 520 3883 διὰ
544 3831 592 3897 τῆς
614 3830 665 3898 γῆς
687 3829 737 3882 καὶ
791 3829 919 3884 Seleucia
942 3847 988 3884 am
1006 3831 1112 3900 Tigris,
1140 3830 1283 3900 derselbe,
1302 3832 1351 3885 der

175 3898 319 3969 θαλάττης
333 3895 573 3974 (dipnffloegrdoi.
599 3899 652 3954 Die
663 3899 735 3954 Stoi·
789 3899 842 3954 mit
866 3901 1028 3956 Karneades
1054 3902 1111 3955 und
1137 3901 1284 3958 Kritolaus
1309 3901 1350 3957 alu

174 3972 226 4025 ker
244 3972 337 4026 haben
352 3970 405 4026 wie
425 3971 479 4026 den
494 3971 594 4038 Athen,
615 3986 645 4023 so
663 3972 736 4024 auch
790 3971 948 4027 Gesandter
973 3974 1023 4026 der
1041 3971 1166 4027 Athener
1183 3973 1262 4028 nach
1279 3974 1351 4028 Rom

176 4043 221 4097 die
240 4043 307 4096 Lutt
321 4043 363 4096 als
378 4041 424 4096 die
439 4041 579 4096 stoffliche
595 4041 671 4096 Seite
686 4042 735 4095 des
788 4043 863 4097 kam.
897 4043 924 4098 S.
939 4043 1011 4098 Einl.
1027 4049 1041 4110 ς
1057 4050 1081 4099 7.

175 4114 333 4184 gotthchen
351 4113 477 4185 Prinzips
496 4114 665 4183 angesehen.
825 4131 987 4185 consequens
1001 4142 1028 4162 =
1039 4132 1158 4185 sequens.
1187 4115 1268 4173 Brut.
1284 4120 1350 4173 reta

213 4190 235 4238 6.
257 4185 346 4251 Ocres,
366 4202 387 4239 s.
403 4186 495 4254 ΙΙ,67;
517 4192 559 4241 71.
724 4218 728 4224 -
789 4203 855 4255 qnos
873 4187 934 4243 Sec.
954 4188 1044 4242 Titius
1062 4193 1222 4243 consecutus
1240 4194 1288 4244 est.

213 4263 254 4310 11.
264 4258 409 4311 ueritatem.
425 4256 466 4310 De
476 4256 735 4324 div.I‚126:fatum
825 4259 1080 4327 186666666616616.
1096 4257 1286 4327 DenMythus
1296 4274 1353 4315 von

176 4327 207 4380 id
220 4328 335 4395 appello,
350 4329 421 4396 quod
437 4327 537 4383 Graeci
552 4326 734 4399 εἱμαρμένην,
789 4328 839 4383 der
864 4329 973 4383 Geburt
997 4329 1047 4382 der
1071 4329 1183 4384 Athene
1209 4344 1262 4385 cus
1287 4330 1352 4385 dem

175 4398 207 4451 id
224 4405 263 4453 est
281 4399 403 4453 ordinem
418 4402 564 4469 seriemque
578 4415 734 4467 cantarunt,
788 4399 901 4469 Haupte
934 4400 983 4453 des
1009 4400 1078 4453 Zeus
1111 4400 1226 4456 deutete
1260 4417 1292 4455 er
1321 4399 1353 4457 in
