<?xml version="1.0" encoding="UTF-8"?>
<!DOCTYPE html PUBLIC "-//W3C//DTD XHTML 1.0 Transitional//EN"
    "http://www.w3.org/TR/xhtml1/DTD/xhtml1-transitional.dtd">
<html xmlns="http://www.w3.org/1999/xhtml" xml:lang="en" lang="en">
 <head>
  <title>
</title>
<meta http-equiv="Content-Type" content="text/html;charset=utf-8" />
  <meta name='ocr-system' content='tesseract 3.04.00' />
  <meta name='ocr-capabilities' content='ocr_page ocr_carea ocr_par ocr_line ocrx_word'/>
</head>
<body>
  <div class='ocr_page' id='page_1' title='image "./mtulliiciceroni38cicegoog/mtulliiciceroni38cicegoog_0139.png"; bbox 0 0 2790 4800; ppageno 0'>
   <div class='ocr_carea' id='block_1_1' title="bbox 19 31 161 77">
    <p class='ocr_par' dir='ltr' id='par_1_1' title="bbox 19 31 161 77">
     <span class='ocr_line' id='line_1_1' title="bbox 19 31 161 77; baseline 0 0"><span class='ocrx_word' id='word_1_1' title='bbox 19 31 161 77; x_wconf 60' lang='lat' dir='ltr'><strong>*ew</strong></span> 
     </span>
    </p>
   </div>
   <div class='ocr_carea' id='block_1_2' title="bbox 68 231 945 309">
    <p class='ocr_par' dir='ltr' id='par_1_2' title="bbox 68 231 945 309">
     <span class='ocr_line' id='line_1_2' title="bbox 68 231 945 309; baseline -0.011 -7"><span class='ocrx_word' id='word_1_2' title='bbox 68 231 72 239; x_wconf 83' lang='lat'><em>&#39;</em></span> <span class='ocrx_word' id='word_1_3' title='bbox 162 244 222 309; x_wconf 74' lang='lat'><strong>128</strong></span> <span class='ocrx_word' id='word_1_4' title='bbox 545 239 593 292; x_wconf 83' lang='lat' dir='ltr'><strong>nn</strong></span> <span class='ocrx_word' id='word_1_5' title='bbox 612 239 764 293; x_wconf 76' lang='lat' dir='ltr'><strong>aarum</strong></span> <span class='ocrx_word' id='word_1_6' title='bbox 783 239 945 294; x_wconf 77' lang='lat' dir='ltr'><strong>pronun.</strong></span> 
     </span>
    </p>
   </div>
   <div class='ocr_carea' id='block_1_3' title="bbox 15 402 1379 2178">
    <p class='ocr_par' dir='ltr' id='par_1_3' title="bbox 15 402 1379 2178">
     <span class='ocr_line' id='line_1_3' title="bbox 92 402 1337 487; baseline 0 -19"><span class='ocrx_word' id='word_1_7' title='bbox 92 443 127 478; x_wconf 40' lang='grc' dir='ltr'><strong>μ’,</strong></span> <span class='ocrx_word' id='word_1_8' title='bbox 158 404 297 478; x_wconf 84' lang='lat' dir='ltr'>maxime</span> <span class='ocrx_word' id='word_1_9' title='bbox 330 407 380 468; x_wconf 87' lang='lat' dir='ltr'><strong>est</strong></span> <span class='ocrx_word' id='word_1_10' title='bbox 411 407 582 487; x_wconf 86' lang='lat' dir='ltr'><strong>occupata,</strong></span> <span class='ocrx_word' id='word_1_11' title='bbox 613 402 756 487; x_wconf 91' lang='lat' dir='ltr'><strong>primum</strong></span> <span class='ocrx_word' id='word_1_12' title='bbox 783 407 821 468; x_wconf 82' lang='lat' dir='ltr'><strong>ut</strong></span> <span class='ocrx_word' id='word_1_13' title='bbox 848 402 986 468; x_wconf 91' lang='lat' dir='ltr'><strong>mundus</strong></span> <span class='ocrx_word' id='word_1_14' title='bbox 1016 424 1114 487; x_wconf 90' lang='lat' dir='ltr'><strong>quarn</strong></span> <span class='ocrx_word' id='word_1_15' title='bbox 1142 402 1337 486; x_wconf 88' lang='lat' dir='ltr'><strong>aptissimus</strong></span> 
     </span>
     <span class='ocr_line' id='line_1_4' title="bbox 15 459 1336 578; baseline 0.003 -26"><span class='ocrx_word' id='word_1_16' title='bbox 15 459 111 545; x_wconf 40' lang='grc' dir='ltr'><strong>ΜΨ</strong></span> <span class='ocrx_word' id='word_1_17' title='bbox 142 494 202 557; x_wconf 58' lang='lat' dir='ltr'><strong>rsit</strong></span> <span class='ocrx_word' id='word_1_18' title='bbox 225 493 266 556; x_wconf 91' lang='lat' dir='ltr'><strong>ad</strong></span> <span class='ocrx_word' id='word_1_19' title='bbox 287 491 555 578; x_wconf 85' lang='lat' dir='ltr'><strong>permanendum,</strong></span> <span class='ocrx_word' id='word_1_20' title='bbox 578 490 692 556; x_wconf 90' lang='lat' dir='ltr'><strong>deinde</strong></span> <span class='ocrx_word' id='word_1_21' title='bbox 714 495 751 556; x_wconf 81' lang='lat' dir='ltr'><strong>ut</strong></span> <span class='ocrx_word' id='word_1_22' title='bbox 768 493 859 556; x_wconf 91' lang='lat' dir='ltr'><strong>nulla</strong></span> <span class='ocrx_word' id='word_1_23' title='bbox 877 514 911 557; x_wconf 93' lang='lat' dir='ltr'><strong>re</strong></span> <span class='ocrx_word' id='word_1_24' title='bbox 927 495 1035 578; x_wconf 81' lang='lat' dir='ltr'><strong>egeat,</strong></span> <span class='ocrx_word' id='word_1_25' title='bbox 1059 513 1210 556; x_wconf 83' lang='lat' dir='ltr'><strong>maxume</strong></span> <span class='ocrx_word' id='word_1_26' title='bbox 1224 496 1336 557; x_wconf 89' lang='lat' dir='ltr'><strong>autern</strong></span> 
     </span>
     <span class='ocr_line' id='line_1_5' title="bbox 147 576 1172 669; baseline -0.002 -23"><span class='ocrx_word' id='word_1_27' title='bbox 147 576 196 669; x_wconf 36' lang='lat' dir='ltr'><strong>¹qut</strong></span> <span class='ocrx_word' id='word_1_28' title='bbox 218 582 253 646; x_wconf 91' lang='lat' dir='ltr'><strong>in</strong></span> <span class='ocrx_word' id='word_1_29' title='bbox 276 604 314 646; x_wconf 94' lang='lat' dir='ltr'><strong>eo</strong></span> <span class='ocrx_word' id='word_1_30' title='bbox 338 581 456 646; x_wconf 88' lang='lat' dir='ltr'><strong>eximia</strong></span> <span class='ocrx_word' id='word_1_31' title='bbox 478 579 686 664; x_wconf 77' lang='lat' dir='ltr'><strong>pulchritudo</strong></span> <span class='ocrx_word' id='word_1_32' title='bbox 711 581 755 645; x_wconf 91' lang='lat' dir='ltr'><strong>sit</strong></span> <span class='ocrx_word' id='word_1_33' title='bbox 778 586 876 665; x_wconf 89' lang='lat' dir='ltr'><strong>atque</strong></span> <span class='ocrx_word' id='word_1_34' title='bbox 900 581 1006 645; x_wconf 87' lang='lat' dir='ltr'><strong>omnis</strong></span> <span class='ocrx_word' id='word_1_35' title='bbox 1028 584 1172 644; x_wconf 75' lang='lat' dir='ltr'><strong>ornatur.</strong></span> 
     </span>
     <span class='ocr_line' id='line_1_6' title="bbox 93 637 1336 754; baseline -0.001 -19"><span class='ocrx_word' id='word_1_36' title='bbox 93 637 138 703; x_wconf 64' lang='lat'><strong>23</strong></span> <span class='ocrx_word' id='word_1_37' title='bbox 247 669 381 736; x_wconf 80' lang='lat' dir='ltr'><strong>Dictum</strong></span> <span class='ocrx_word' id='word_1_38' title='bbox 414 674 464 733; x_wconf 90' lang='lat' dir='ltr'><strong>est</strong></span> <span class='ocrx_word' id='word_1_39' title='bbox 496 669 535 733; x_wconf 89' lang='lat' dir='ltr'><strong>de</strong></span> <span class='ocrx_word' id='word_1_40' title='bbox 564 669 717 734; x_wconf 86' lang='lat' dir='ltr'><strong>universo</strong></span> <span class='ocrx_word' id='word_1_41' title='bbox 754 669 888 754; x_wconf 88' lang='lat' dir='ltr'><strong>mundo,</strong></span> <span class='ocrx_word' id='word_1_42' title='bbox 924 670 1048 734; x_wconf 87' lang='lat' dir='ltr'><strong>dictum</strong></span> <span class='ocrx_word' id='word_1_43' title='bbox 1079 669 1179 733; x_wconf 87' lang='lat' dir='ltr'><strong>etiam</strong></span> <span class='ocrx_word' id='word_1_44' title='bbox 1212 673 1264 735; x_wconf 80' lang='lat' dir='ltr'><strong>e&#39;st</strong></span> <span class='ocrx_word' id='word_1_45' title='bbox 1298 670 1336 734; x_wconf 90' lang='lat' dir='ltr'><strong>de</strong></span> 
     </span>
     <span class='ocr_line' id='line_1_7' title="bbox 104 729 1365 844; baseline -0.003 -22"><span class='ocrx_word' id='word_1_46' title='bbox 104 729 138 777; x_wconf 69' lang='lat'><strong>⁵⁹</strong></span> <span class='ocrx_word' id='word_1_47' title='bbox 159 760 333 844; x_wconf 81' lang='lat' dir='ltr'><strong>sideribus,</strong></span> <span class='ocrx_word' id='word_1_48' title='bbox 356 764 394 823; x_wconf 88' lang='lat' dir='ltr'><strong>ut</strong></span> <span class='ocrx_word' id='word_1_49' title='bbox 417 759 482 822; x_wconf 92' lang='lat' dir='ltr'><strong>iam</strong></span> <span class='ocrx_word' id='word_1_50' title='bbox 505 780 607 842; x_wconf 88' lang='lat' dir='ltr'>prope</span> <span class='ocrx_word' id='word_1_51' title='bbox 631 758 763 822; x_wconf 92' lang='lat' dir='ltr'><strong>modum</strong></span> <span class='ocrx_word' id='word_1_52' title='bbox 786 763 942 843; x_wconf 78' lang='lat' dir='ltr'>appareat</span> <span class='ocrx_word' id='word_1_53' title='bbox 969 758 1149 823; x_wconf 90' lang='lat' dir='ltr'><strong>multitudo</strong></span> <span class='ocrx_word' id='word_1_54' title='bbox 1175 780 1237 823; x_wconf 90' lang='lat' dir='ltr'><strong>nec</strong></span> <span class='ocrx_word' id='word_1_55' title='bbox 1270 779 1365 824; x_wconf 81' lang='lat' dir='ltr'><strong>ces-e</strong></span> 
     </span>
     <span class='ocr_line' id='line_1_8' title="bbox 158 847 1335 933; baseline 0.001 -21"><span class='ocrx_word' id='word_1_56' title='bbox 158 849 300 913; x_wconf 87' lang='lat' dir='ltr'><strong>santium</strong></span> <span class='ocrx_word' id='word_1_57' title='bbox 324 847 459 912; x_wconf 90' lang='lat' dir='ltr'><strong>deorum</strong></span> <span class='ocrx_word' id='word_1_58' title='bbox 482 869 542 911; x_wconf 90' lang='lat' dir='ltr'><strong>nec</strong></span> <span class='ocrx_word' id='word_1_59' title='bbox 566 869 616 930; x_wconf 87' lang='lat' dir='ltr'><strong>ea,</strong></span> <span class='ocrx_word' id='word_1_60' title='bbox 636 870 718 931; x_wconf 87' lang='lat' dir='ltr'><strong>quae</strong></span> <span class='ocrx_word' id='word_1_61' title='bbox 742 852 856 933; x_wconf 84' lang='lat' dir='ltr'><strong>agant,</strong></span> <span class='ocrx_word' id='word_1_62' title='bbox 884 847 1090 912; x_wconf 75' lang='lat' dir='ltr'><strong>molientium</strong></span> <span class='ocrx_word' id='word_1_63' title='bbox 1120 868 1194 911; x_wconf 88' lang='lat' dir='ltr'><strong>cum</strong></span> <span class='ocrx_word' id='word_1_64' title='bbox 1221 847 1335 913; x_wconf 90' lang='lat' dir='ltr'><strong>labore</strong></span> 
     </span>
     <span class='ocr_line' id='line_1_9' title="bbox 159 935 1335 1024; baseline 0 -22"><span class='ocrx_word' id='word_1_65' title='bbox 159 959 295 1021; x_wconf 90' lang='lat' dir='ltr'><strong>operoso</strong></span> <span class='ocrx_word' id='word_1_66' title='bbox 319 959 357 1000; x_wconf 89' lang='lat' dir='ltr'><strong>ac</strong></span> <span class='ocrx_word' id='word_1_67' title='bbox 384 936 532 1001; x_wconf 89' lang='lat' dir='ltr'><strong>molesto.</strong></span> <span class='ocrx_word' id='word_1_68' title='bbox 578 935 655 1000; x_wconf 90' lang='lat' dir='ltr'><strong>Non</strong></span> <span class='ocrx_word' id='word_1_69' title='bbox 688 936 775 1000; x_wconf 91' lang='lat' dir='ltr'><strong>enim</strong></span> <span class='ocrx_word' id='word_1_70' title='bbox 806 936 897 1001; x_wconf 77' lang='lat' dir='ltr'><strong>renis</strong></span> <span class='ocrx_word' id='word_1_71' title='bbox 930 940 963 1000; x_wconf 91' lang='lat' dir='ltr'><strong>et</strong></span> <span class='ocrx_word' id='word_1_72' title='bbox 995 935 1104 1000; x_wconf 87' lang='lat' dir='ltr'><strong>nervis</strong></span> <span class='ocrx_word' id='word_1_73' title='bbox 1138 940 1171 1000; x_wconf 86' lang='lat' dir='ltr'><strong>et</strong></span> <span class='ocrx_word' id='word_1_74' title='bbox 1204 937 1335 1024; x_wconf 87' lang='lat' dir='ltr'><strong>ossibus</strong></span> 
     </span>
     <span class='ocr_line' id='line_1_10' title="bbox 158 1025 1334 1110; baseline 0.002 -21"><span class='ocrx_word' id='word_1_75' title='bbox 158 1026 368 1090; x_wconf 87' lang='lat' dir='ltr'><strong>continentur</strong></span> <span class='ocrx_word' id='word_1_76' title='bbox 378 1047 438 1089; x_wconf 89' lang='lat' dir='ltr'><strong>nec</strong></span> <span class='ocrx_word' id='word_1_77' title='bbox 452 1025 492 1089; x_wconf 91' lang='lat' dir='ltr'><strong>iis</strong></span> <span class='ocrx_word' id='word_1_78' title='bbox 510 1025 592 1090; x_wconf 92' lang='lat' dir='ltr'><strong>escis</strong></span> <span class='ocrx_word' id='word_1_79' title='bbox 611 1029 668 1089; x_wconf 90' lang='lat' dir='ltr'><strong>aut</strong></span> <span class='ocrx_word' id='word_1_80' title='bbox 683 1025 874 1110; x_wconf 89' lang='lat' dir='ltr'><strong>potionibus</strong></span> <span class='ocrx_word' id='word_1_81' title='bbox 893 1029 1083 1109; x_wconf 75' lang='lat' dir='ltr'><strong>vescuntur,</strong></span> <span class='ocrx_word' id='word_1_82' title='bbox 1106 1028 1143 1088; x_wconf 90' lang='lat' dir='ltr'><strong>ut</strong></span> <span class='ocrx_word' id='word_1_83' title='bbox 1163 1029 1221 1089; x_wconf 87' lang='lat' dir='ltr'><strong>aut</strong></span> <span class='ocrx_word' id='word_1_84' title='bbox 1234 1025 1334 1091; x_wconf 92' lang='lat' dir='ltr'><strong>nimis</strong></span> 
     </span>
     <span class='ocr_line' id='line_1_11' title="bbox 158 1113 1335 1200; baseline 0.002 -23"><span class='ocrx_word' id='word_1_85' title='bbox 158 1136 248 1179; x_wconf 89' lang='lat' dir='ltr'><strong>acres</strong></span> <span class='ocrx_word' id='word_1_86' title='bbox 263 1119 320 1179; x_wconf 90' lang='lat' dir='ltr'><strong>aut</strong></span> <span class='ocrx_word' id='word_1_87' title='bbox 328 1114 426 1178; x_wconf 90' lang='lat' dir='ltr'><strong>nimis</strong></span> <span class='ocrx_word' id='word_1_88' title='bbox 438 1119 606 1179; x_wconf 88' lang='lat' dir='ltr'><strong>concretos</strong></span> <span class='ocrx_word' id='word_1_89' title='bbox 616 1137 745 1179; x_wconf 91' lang='lat' dir='ltr'><strong>umores</strong></span> <span class='ocrx_word' id='word_1_90' title='bbox 757 1114 923 1200; x_wconf 84' lang='lat' dir='ltr'><strong>colligant,</strong></span> <span class='ocrx_word' id='word_1_91' title='bbox 932 1136 992 1179; x_wconf 94' lang='lat' dir='ltr'><strong>nec</strong></span> <span class='ocrx_word' id='word_1_92' title='bbox 1000 1113 1041 1178; x_wconf 91' lang='lat' dir='ltr'><strong>iis</strong></span> <span class='ocrx_word' id='word_1_93' title='bbox 1050 1114 1241 1197; x_wconf 90' lang='lat' dir='ltr'><strong>corporibus</strong></span> <span class='ocrx_word' id='word_1_94' title='bbox 1248 1119 1335 1199; x_wconf 85' lang='lat' dir='ltr'><strong>sunt,</strong></span> 
     </span>
     <span class='ocr_line' id='line_1_12' title="bbox 157 1202 1377 1274; baseline -0.002 -8"><span class='ocrx_word' id='word_1_95' title='bbox 157 1207 195 1266; x_wconf 94' lang='lat' dir='ltr'><strong>ut</strong></span> <span class='ocrx_word' id='word_1_96' title='bbox 214 1225 307 1269; x_wconf 91' lang='lat' dir='ltr'><strong>casus</strong></span> <span class='ocrx_word' id='word_1_97' title='bbox 327 1208 384 1268; x_wconf 90' lang='lat' dir='ltr'><strong>aut</strong></span> <span class='ocrx_word' id='word_1_98' title='bbox 402 1203 487 1267; x_wconf 90' lang='lat' dir='ltr'><strong>ictus</strong></span> <span class='ocrx_word' id='word_1_99' title='bbox 512 1203 735 1268; x_wconf 83' lang='lat' dir='ltr'><strong>extimescant</strong></span> <span class='ocrx_word' id='word_1_100' title='bbox 749 1208 806 1268; x_wconf 90' lang='lat' dir='ltr'><strong>aut</strong></span> <span class='ocrx_word' id='word_1_101' title='bbox 829 1204 962 1274; x_wconf 89' lang='lat' dir='ltr'><strong>morbos</strong></span> <span class='ocrx_word' id='word_1_102' title='bbox 985 1207 1135 1267; x_wconf 85' lang='lat' dir='ltr'><strong>metuant</strong></span> <span class='ocrx_word' id='word_1_103' title='bbox 1158 1226 1198 1267; x_wconf 89' lang='lat' dir='ltr'><strong>ex</strong></span> <span class='ocrx_word' id='word_1_104' title='bbox 1221 1202 1336 1268; x_wconf 86' lang='lat' dir='ltr'><strong>defeti-</strong></span> <span class='ocrx_word' id='word_1_105' title='bbox 1353 1225 1377 1265; x_wconf 82' lang='grc' dir='ltr'><strong>ιο</strong></span> 
     </span>
     <span class='ocr_line' id='line_1_13' title="bbox 158 1291 1334 1378; baseline 0.001 -22"><span class='ocrx_word' id='word_1_106' title='bbox 158 1293 289 1376; x_wconf 85' lang='lat' dir='ltr'><strong>gatione</strong></span> <span class='ocrx_word' id='word_1_107' title='bbox 326 1293 560 1377; x_wconf 80' lang='lat' dir='ltr'><strong>membrorum3</strong></span> <span class='ocrx_word' id='word_1_108' title='bbox 602 1315 683 1376; x_wconf 90' lang='lat' dir='ltr'><strong>quae</strong></span> <span class='ocrx_word' id='word_1_109' title='bbox 719 1315 834 1357; x_wconf 87' lang='lat' dir='ltr'><strong>verens</strong></span> <span class='ocrx_word' id='word_1_110' title='bbox 867 1291 1029 1376; x_wconf 77' lang='lat' dir='ltr'><strong>Epicurus</strong></span> <span class='ocrx_word' id='word_1_111' title='bbox 1066 1313 1334 1378; x_wconf 81' lang='lat' dir='ltr'><strong>monogrammos</strong></span> 
     </span>
     <span class='ocr_line' id='line_1_14' title="bbox 64 1380 1335 1467; baseline 0.002 -23"><span class='ocrx_word' id='word_1_112' title='bbox 64 1459 70 1465; x_wconf 15' lang='grc' dir='ltr'>ἡ</span> <span class='ocrx_word' id='word_1_113' title='bbox 101 1395 138 1444; x_wconf 81' lang='lat' dir='ltr'><strong>oo</strong></span> <span class='ocrx_word' id='word_1_114' title='bbox 158 1380 235 1445; x_wconf 89' lang='lat' dir='ltr'><strong>deos</strong></span> <span class='ocrx_word' id='word_1_115' title='bbox 259 1390 292 1445; x_wconf 89' lang='lat' dir='ltr'><strong>et</strong></span> <span class='ocrx_word' id='word_1_116' title='bbox 313 1381 396 1444; x_wconf 89' lang='lat' dir='ltr'><strong>nihil</strong></span> <span class='ocrx_word' id='word_1_117' title='bbox 420 1386 554 1467; x_wconf 86' lang='lat' dir='ltr'><strong>agentes</strong></span> <span class='ocrx_word' id='word_1_118' title='bbox 580 1386 783 1446; x_wconf 88' lang='lat' dir='ltr'><strong>commentus</strong></span> <span class='ocrx_word' id='word_1_119' title='bbox 808 1386 866 1446; x_wconf 84' lang='lat' dir='ltr'><strong>est.</strong></span> <span class='ocrx_word' id='word_1_120' title='bbox 903 1381 957 1445; x_wconf 92' lang='lat' dir='ltr'><strong>Illi</strong></span> <span class='ocrx_word' id='word_1_121' title='bbox 981 1385 1090 1445; x_wconf 91' lang='lat' dir='ltr'><strong>autem</strong></span> <span class='ocrx_word' id='word_1_122' title='bbox 1112 1380 1335 1464; x_wconf 90' lang='lat' dir='ltr'><strong>pulcherrima</strong></span> 
     </span>
     <span class='ocr_line' id='line_1_15' title="bbox 172 1469 1336 1556; baseline 0.002 -24"><span class='ocrx_word' id='word_1_123' title='bbox 172 1493 263 1533; x_wconf 91' lang='lat' dir='ltr'><strong>orma</strong></span> <span class='ocrx_word' id='word_1_124' title='bbox 292 1471 432 1554; x_wconf 90' lang='lat' dir='ltr'><strong>praediti</strong></span> <span class='ocrx_word' id='word_1_125' title='bbox 472 1469 711 1554; x_wconf 90' lang='lat' dir='ltr'><strong>purissimaque</strong></span> <span class='ocrx_word' id='word_1_126' title='bbox 747 1470 783 1534; x_wconf 91' lang='lat' dir='ltr'><strong>in</strong></span> <span class='ocrx_word' id='word_1_127' title='bbox 814 1470 947 1556; x_wconf 82' lang='lat' dir='ltr'><strong>regione</strong></span> <span class='ocrx_word' id='word_1_128' title='bbox 980 1470 1061 1534; x_wconf 91' lang='lat' dir='ltr'><strong>caeli</strong></span> <span class='ocrx_word' id='word_1_129' title='bbox 1101 1470 1254 1535; x_wconf 86' lang='lat' dir='ltr'><strong>collocati</strong></span> <span class='ocrx_word' id='word_1_130' title='bbox 1287 1471 1336 1535; x_wconf 82' lang='lat' dir='ltr'><strong>ita</strong></span> 
     </span>
     <span class='ocr_line' id='line_1_16' title="bbox 148 1557 1335 1644; baseline 0.002 -23"><span class='ocrx_word' id='word_1_131' title='bbox 148 1557 305 1623; x_wconf 61' lang='lat' dir='ltr'><strong>teruntur</strong></span> <span class='ocrx_word' id='word_1_132' title='bbox 328 1559 600 1642; x_wconf 88' lang='lat' dir='ltr'><strong>moderanturque</strong></span> <span class='ocrx_word' id='word_1_133' title='bbox 624 1581 754 1644; x_wconf 80' lang='lat' dir='ltr'><strong>cursus,</strong></span> <span class='ocrx_word' id='word_1_134' title='bbox 777 1563 814 1623; x_wconf 94' lang='lat' dir='ltr'><strong>ut</strong></span> <span class='ocrx_word' id='word_1_135' title='bbox 842 1559 883 1623; x_wconf 89' lang='lat' dir='ltr'><strong>ad</strong></span> <span class='ocrx_word' id='word_1_136' title='bbox 907 1558 1016 1623; x_wconf 91' lang='lat' dir='ltr'><strong>omnia</strong></span> <span class='ocrx_word' id='word_1_137' title='bbox 1046 1559 1268 1624; x_wconf 83' lang='lat' dir='ltr'><strong>conservanda</strong></span> <span class='ocrx_word' id='word_1_138' title='bbox 1302 1564 1335 1624; x_wconf 91' lang='lat' dir='ltr'><strong>et</strong></span> 
     </span>
     <span class='ocr_line' id='line_1_17' title="bbox 157 1647 1378 1713; baseline -0.002 -2"><span class='ocrx_word' id='word_1_139' title='bbox 157 1648 277 1711; x_wconf 90' lang='lat' dir='ltr'><strong>tuenda</strong></span> <span class='ocrx_word' id='word_1_140' title='bbox 301 1647 503 1711; x_wconf 88' lang='lat' dir='ltr'><strong>consensisse</strong></span> <span class='ocrx_word' id='word_1_141' title='bbox 525 1647 705 1713; x_wconf 81' lang='lat' dir='ltr'><strong>rideantur.</strong></span> <span class='ocrx_word' id='word_1_142' title='bbox 1354 1669 1378 1710; x_wconf 78' lang='lat' dir='ltr'><strong>ri</strong></span> 
     </span>
     <span class='ocr_line' id='line_1_18' title="bbox 246 1735 1334 1822; baseline 0.005 -24"><span class='ocrx_word' id='word_1_143' title='bbox 246 1735 369 1800; x_wconf 90' lang='lat' dir='ltr'><strong>Multae</strong></span> <span class='ocrx_word' id='word_1_144' title='bbox 393 1740 502 1799; x_wconf 90' lang='lat' dir='ltr'><strong>autem</strong></span> <span class='ocrx_word' id='word_1_145' title='bbox 526 1736 609 1799; x_wconf 91' lang='lat' dir='ltr'><strong>aliae</strong></span> <span class='ocrx_word' id='word_1_146' title='bbox 631 1741 769 1802; x_wconf 91' lang='lat' dir='ltr'><strong>naturae</strong></span> <span class='ocrx_word' id='word_1_147' title='bbox 792 1737 927 1801; x_wconf 88' lang='lat' dir='ltr'><strong>deorum</strong></span> <span class='ocrx_word' id='word_1_148' title='bbox 951 1758 990 1801; x_wconf 88' lang='lat' dir='ltr'><strong>ex</strong></span> <span class='ocrx_word' id='word_1_149' title='bbox 1012 1735 1141 1822; x_wconf 82' lang='lat' dir='ltr'><strong>magnis</strong></span> <span class='ocrx_word' id='word_1_150' title='bbox 1164 1736 1334 1803; x_wconf 87' lang='lat' dir='ltr'><strong>beneficiis</strong></span> 
     </span>
     <span class='ocr_line' id='line_1_19' title="bbox 156 1824 1334 1910; baseline 0.003 -22"><span class='ocrx_word' id='word_1_151' title='bbox 156 1847 269 1889; x_wconf 89' lang='lat' dir='ltr'><strong>eorum</strong></span> <span class='ocrx_word' id='word_1_152' title='bbox 290 1847 358 1889; x_wconf 92' lang='lat' dir='ltr'><strong>non</strong></span> <span class='ocrx_word' id='word_1_153' title='bbox 381 1824 451 1890; x_wconf 89' lang='lat' dir='ltr'><strong>sine</strong></span> <span class='ocrx_word' id='word_1_154' title='bbox 475 1846 572 1889; x_wconf 91' lang='lat' dir='ltr'><strong>causa</strong></span> <span class='ocrx_word' id='word_1_155' title='bbox 590 1830 623 1889; x_wconf 91' lang='lat' dir='ltr'><strong>et</strong></span> <span class='ocrx_word' id='word_1_156' title='bbox 646 1849 666 1890; x_wconf 93' lang='lat' dir='ltr'><strong>a</strong></span> <span class='ocrx_word' id='word_1_157' title='bbox 689 1825 842 1890; x_wconf 83' lang='lat' dir='ltr'><strong>Graeciae</strong></span> <span class='ocrx_word' id='word_1_158' title='bbox 866 1825 1117 1910; x_wconf 87' lang='lat' dir='ltr'><strong>sapientissimis</strong></span> <span class='ocrx_word' id='word_1_159' title='bbox 1141 1829 1175 1890; x_wconf 90' lang='lat' dir='ltr'><strong>et</strong></span> <span class='ocrx_word' id='word_1_160' title='bbox 1197 1849 1217 1890; x_wconf 95' lang='lat' dir='ltr'><strong>a</strong></span> <span class='ocrx_word' id='word_1_161' title='bbox 1230 1827 1334 1891; x_wconf 89' lang='lat' dir='ltr'><strong>maio-</strong></span> 
     </span>
     <span class='ocr_line' id='line_1_20' title="bbox 154 1913 1335 1999; baseline 0.001 -21"><span class='ocrx_word' id='word_1_162' title='bbox 154 1913 246 1978; x_wconf 88' lang='lat' dir='ltr'><strong>ribus</strong></span> <span class='ocrx_word' id='word_1_163' title='bbox 279 1914 402 1979; x_wconf 87' lang='lat' dir='ltr'><strong>nostris</strong></span> <span class='ocrx_word' id='word_1_164' title='bbox 436 1913 634 1979; x_wconf 89' lang='lat' dir='ltr'><strong>constitutae</strong></span> <span class='ocrx_word' id='word_1_165' title='bbox 656 1915 908 1999; x_wconf 90' lang='lat' dir='ltr'><strong>nominataeque</strong></span> <span class='ocrx_word' id='word_1_166' title='bbox 932 1919 1016 1979; x_wconf 93' lang='lat' dir='ltr'><strong>sunt.</strong></span> <span class='ocrx_word' id='word_1_167' title='bbox 1065 1913 1226 1998; x_wconf 81' lang='lat' dir='ltr'><strong>Quicquid</strong></span> <span class='ocrx_word' id='word_1_168' title='bbox 1246 1916 1335 1998; x_wconf 87' lang='lat' dir='ltr'><strong>enim</strong></span> 
     </span>
     <span class='ocr_line' id='line_1_21' title="bbox 156 2002 1336 2089; baseline 0.002 -23"><span class='ocrx_word' id='word_1_169' title='bbox 156 2024 310 2088; x_wconf 86' lang='lat' dir='ltr'><strong>magnam</strong></span> <span class='ocrx_word' id='word_1_170' title='bbox 328 2003 507 2068; x_wconf 86' lang='lat' dir='ltr'><strong>utilitatem</strong></span> <span class='ocrx_word' id='word_1_171' title='bbox 527 2003 639 2089; x_wconf 84' lang='lat' dir='ltr'><strong>generi</strong></span> <span class='ocrx_word' id='word_1_172' title='bbox 658 2003 799 2068; x_wconf 88' lang='lat' dir='ltr'><strong>adferret</strong></span> <span class='ocrx_word' id='word_1_173' title='bbox 817 2002 977 2088; x_wconf 88' lang='lat' dir='ltr'><strong>humano,</strong></span> <span class='ocrx_word' id='word_1_174' title='bbox 1000 2003 1034 2067; x_wconf 91' lang='lat' dir='ltr'><strong>id</strong></span> <span class='ocrx_word' id='word_1_175' title='bbox 1052 2026 1119 2068; x_wconf 93' lang='lat' dir='ltr'><strong>non</strong></span> <span class='ocrx_word' id='word_1_176' title='bbox 1138 2003 1208 2068; x_wconf 91' lang='lat' dir='ltr'><strong>sine</strong></span> <span class='ocrx_word' id='word_1_177' title='bbox 1222 2003 1336 2068; x_wconf 83' lang='lat' dir='ltr'><strong>divina</strong></span> 
     </span>
     <span class='ocr_line' id='line_1_22' title="bbox 155 2091 1379 2178; baseline -0.001 -23"><span class='ocrx_word' id='word_1_178' title='bbox 155 2092 304 2157; x_wconf 91' lang='lat' dir='ltr'><strong>bonitate</strong></span> <span class='ocrx_word' id='word_1_179' title='bbox 327 2114 406 2178; x_wconf 85' lang='lat' dir='ltr'><strong>erga</strong></span> <span class='ocrx_word' id='word_1_180' title='bbox 427 2091 576 2157; x_wconf 89' lang='lat' dir='ltr'><strong>homines</strong></span> <span class='ocrx_word' id='word_1_181' title='bbox 600 2092 671 2157; x_wconf 89' lang='lat' dir='ltr'><strong>fieri</strong></span> <span class='ocrx_word' id='word_1_182' title='bbox 699 2093 952 2158; x_wconf 89' lang='lat' dir='ltr'><strong>arbitrabantur.</strong></span> <span class='ocrx_word' id='word_1_183' title='bbox 998 2093 1114 2177; x_wconf 89' lang='lat' dir='ltr'><strong>Itaque</strong></span> <span class='ocrx_word' id='word_1_184' title='bbox 1141 2096 1213 2156; x_wconf 87' lang='lat' dir='ltr'><strong>tum</strong></span> <span class='ocrx_word' id='word_1_185' title='bbox 1241 2092 1336 2178; x_wconf 85' lang='lat' dir='ltr'><strong>illud,</strong></span> <span class='ocrx_word' id='word_1_186' title='bbox 1354 2116 1379 2154; x_wconf 85' lang='lat' dir='ltr'><strong>m</strong></span> 
     </span>
    </p>
   </div>
   <div class='ocr_carea' id='block_1_4' title="bbox 148 2283 1335 4500">
    <p class='ocr_par' dir='ltr' id='par_1_4' title="bbox 151 2283 1335 3136">
     <span class='ocr_line' id='line_1_23' title="bbox 192 2283 1335 2354; baseline 0.003 -18"><span class='ocrx_word' id='word_1_187' title='bbox 192 2285 714 2352; x_wconf 84' lang='lat' dir='ltr'><strong>1.primum-deindc-maaumc.</strong></span> <span class='ocrx_word' id='word_1_188' title='bbox 769 2285 903 2340; x_wconf 83' lang='lat' dir='ltr'><strong>kehrte</strong></span> <span class='ocrx_word' id='word_1_189' title='bbox 944 2283 1245 2354; x_wconf 84' lang='lat' dir='ltr'><strong>Vorstellungen</strong></span> <span class='ocrx_word' id='word_1_190' title='bbox 1287 2284 1335 2339; x_wconf 93' lang='lat' dir='ltr'><strong>im</strong></span> 
     </span>
     <span class='ocr_line' id='line_1_24' title="bbox 155 2353 1335 2426; baseline 0.004 -20"><span class='ocrx_word' id='word_1_191' title='bbox 155 2354 211 2407; x_wconf 90' lang='lat' dir='ltr'><strong>Der</strong></span> <span class='ocrx_word' id='word_1_192' title='bbox 230 2353 400 2409; x_wconf 83' lang='lat' dir='ltr'><strong>Grundtrieb</strong></span> <span class='ocrx_word' id='word_1_193' title='bbox 417 2355 497 2424; x_wconf 84' lang='lat' dir='ltr'><strong>jedes</strong></span> <span class='ocrx_word' id='word_1_194' title='bbox 518 2355 716 2424; x_wconf 82' lang='lat' dir='ltr'><strong>verntint&#39;tigen</strong></span> <span class='ocrx_word' id='word_1_195' title='bbox 769 2354 1149 2426; x_wconf 72' lang='lat' dir='ltr'><strong>Volksglaubemsieht</strong></span> <span class='ocrx_word' id='word_1_196' title='bbox 1161 2373 1236 2410; x_wconf 87' lang='lat' dir='ltr'><strong>man</strong></span> <span class='ocrx_word' id='word_1_197' title='bbox 1250 2357 1335 2411; x_wconf 85' lang='lat' dir='ltr'><strong>aber</strong></span> 
     </span>
     <span class='ocr_line' id='line_1_25' title="bbox 156 2423 1333 2495; baseline 0.004 -19"><span class='ocrx_word' id='word_1_198' title='bbox 156 2424 274 2479; x_wconf 88' lang='lat' dir='ltr'><strong>Wesens</strong></span> <span class='ocrx_word' id='word_1_199' title='bbox 293 2423 331 2479; x_wconf 82' lang='lat' dir='ltr'><strong>ist</strong></span> <span class='ocrx_word' id='word_1_200' title='bbox 348 2427 421 2480; x_wconf 89' lang='lat' dir='ltr'><strong>nach</strong></span> <span class='ocrx_word' id='word_1_201' title='bbox 447 2426 497 2480; x_wconf 91' lang='lat' dir='ltr'><strong>der</strong></span> <span class='ocrx_word' id='word_1_202' title='bbox 522 2425 641 2479; x_wconf 84' lang='lat' dir='ltr'><strong>Ansicht</strong></span> <span class='ocrx_word' id='word_1_203' title='bbox 666 2427 716 2480; x_wconf 87' lang='lat' dir='ltr'><strong>der</strong></span> <span class='ocrx_word' id='word_1_204' title='bbox 770 2427 825 2481; x_wconf 88' lang='lat' dir='ltr'><strong>die</strong></span> <span class='ocrx_word' id='word_1_205' title='bbox 844 2427 1076 2495; x_wconf 77' lang='lat' dir='ltr'><strong>Volksgttter</strong></span> <span class='ocrx_word' id='word_1_206' title='bbox 1094 2427 1146 2481; x_wconf 88' lang='lat' dir='ltr'><strong>als</strong></span> <span class='ocrx_word' id='word_1_207' title='bbox 1166 2427 1333 2483; x_wconf 77' lang='lat' dir='ltr'><strong>Perconi-</strong></span> 
     </span>
     <span class='ocr_line' id='line_1_26' title="bbox 155 2495 1333 2567; baseline 0.004 -19"><span class='ocrx_word' id='word_1_208' title='bbox 155 2495 587 2567; x_wconf 85' lang='lat' dir='ltr'><strong>StoikerdieSelbsterhaltung.</strong></span> <span class='ocrx_word' id='word_1_209' title='bbox 607 2497 715 2550; x_wconf 86' lang='lat' dir='ltr'><strong>Daraus</strong></span> <span class='ocrx_word' id='word_1_210' title='bbox 768 2497 969 2552; x_wconf 88' lang='lat' dir='ltr'><strong>fikationen</strong></span> <span class='ocrx_word' id='word_1_211' title='bbox 1012 2497 1070 2552; x_wconf 90' lang='lat' dir='ltr'><strong>der</strong></span> <span class='ocrx_word' id='word_1_212' title='bbox 1107 2498 1227 2553; x_wconf 74' lang='lat' dir='ltr'><strong>Krtfte</strong></span> <span class='ocrx_word' id='word_1_213' title='bbox 1271 2499 1333 2553; x_wconf 83' lang='lat' dir='ltr'><strong>der</strong></span> 
     </span>
     <span class='ocr_line' id='line_1_27' title="bbox 153 2566 1331 2639; baseline 0.003 -20"><span class='ocrx_word' id='word_1_214' title='bbox 153 2566 241 2635; x_wconf 81' lang='lat' dir='ltr'><strong>folgt‚</strong></span> <span class='ocrx_word' id='word_1_215' title='bbox 271 2567 327 2620; x_wconf 83' lang='lat' dir='ltr'><strong>dall</strong></span> <span class='ocrx_word' id='word_1_216' title='bbox 355 2568 484 2622; x_wconf 89' lang='lat' dir='ltr'><strong>dasselbe</strong></span> <span class='ocrx_word' id='word_1_217' title='bbox 512 2568 564 2621; x_wconf 85' lang='lat' dir='ltr'><strong>auf</strong></span> <span class='ocrx_word' id='word_1_218' title='bbox 589 2567 634 2623; x_wconf 90' lang='lat' dir='ltr'><strong>die</strong></span> <span class='ocrx_word' id='word_1_219' title='bbox 663 2569 713 2622; x_wconf 89' lang='lat' dir='ltr'><strong>Be·</strong></span> <span class='ocrx_word' id='word_1_220' title='bbox 769 2569 871 2623; x_wconf 89' lang='lat' dir='ltr'><strong>einen</strong></span> <span class='ocrx_word' id='word_1_221' title='bbox 894 2567 1093 2639; x_wconf 80' lang='lat' dir='ltr'><strong>gottlichen</strong></span> <span class='ocrx_word' id='word_1_222' title='bbox 1111 2568 1254 2624; x_wconf 84' lang='lat' dir='ltr'><strong>Wescns</strong></span> <span class='ocrx_word' id='word_1_223' title='bbox 1278 2587 1331 2639; x_wconf 82' lang='lat' dir='ltr'><strong>an,</strong></span> 
     </span>
     <span class='ocr_line' id='line_1_28' title="bbox 155 2638 1332 2707; baseline 0.004 -17"><span class='ocrx_word' id='word_1_224' title='bbox 155 2638 320 2707; x_wconf 81' lang='lat' dir='ltr'><strong>triedigung</strong></span> <span class='ocrx_word' id='word_1_225' title='bbox 334 2638 434 2692; x_wconf 80' lang='lat' dir='ltr'><strong>dassen</strong></span> <span class='ocrx_word' id='word_1_226' title='bbox 447 2639 573 2693; x_wconf 88' lang='lat' dir='ltr'><strong>bedacht</strong></span> <span class='ocrx_word' id='word_1_227' title='bbox 586 2639 637 2707; x_wconf 88' lang='lat' dir='ltr'><strong>ist,</strong></span> <span class='ocrx_word' id='word_1_228' title='bbox 657 2656 714 2693; x_wconf 87' lang='lat' dir='ltr'><strong>was</strong></span> <span class='ocrx_word' id='word_1_229' title='bbox 769 2657 804 2694; x_wconf 88' lang='lat' dir='ltr'><strong>so</strong></span> <span class='ocrx_word' id='word_1_230' title='bbox 823 2640 884 2696; x_wconf 85' lang='lat' dir='ltr'><strong>hat</strong></span> <span class='ocrx_word' id='word_1_231' title='bbox 901 2657 974 2693; x_wconf 90' lang='lat' dir='ltr'><strong>man</strong></span> <span class='ocrx_word' id='word_1_232' title='bbox 989 2640 1178 2695; x_wconf 86' lang='lat' dir='ltr'><strong>denselben</strong></span> <span class='ocrx_word' id='word_1_233' title='bbox 1190 2641 1332 2695; x_wconf 86' lang='lat' dir='ltr'><strong>fromme</strong></span> 
     </span>
     <span class='ocr_line' id='line_1_29' title="bbox 153 2707 1331 2782; baseline 0.003 -20"><span class='ocrx_word' id='word_1_234' title='bbox 153 2707 248 2763; x_wconf 81' lang='lat' dir='ltr'><strong>aeiner</strong></span> <span class='ocrx_word' id='word_1_235' title='bbox 267 2709 358 2763; x_wconf 85' lang='lat' dir='ltr'><strong>Natur</strong></span> <span class='ocrx_word' id='word_1_236' title='bbox 376 2708 477 2778; x_wconf 77' lang='lat' dir='ltr'><strong>gemdll</strong></span> <span class='ocrx_word' id='word_1_237' title='bbox 505 2710 544 2764; x_wconf 87' lang='lat' dir='ltr'><strong>ist</strong></span> <span class='ocrx_word' id='word_1_238' title='bbox 569 2714 611 2776; x_wconf 90' lang='lat' dir='ltr'><strong>(ut</strong></span> <span class='ocrx_word' id='word_1_239' title='bbox 637 2713 716 2766; x_wconf 85' lang='lat' dir='ltr'><strong>nulla</strong></span> <span class='ocrx_word' id='word_1_240' title='bbox 770 2712 836 2765; x_wconf 88' lang='lat' dir='ltr'><strong>und</strong></span> <span class='ocrx_word' id='word_1_241' title='bbox 855 2711 1331 2782; x_wconf 73' lang='lat' dir='ltr'><strong>gltublgeVerehrungent-</strong></span> 
     </span>
     <span class='ocr_line' id='line_1_30' title="bbox 154 2780 1110 2852; baseline 0.003 -20"><span class='ocrx_word' id='word_1_242' title='bbox 154 2782 291 2850; x_wconf 81' lang='lat' dir='ltr'><strong>rccpcat).</strong></span> <span class='ocrx_word' id='word_1_243' title='bbox 329 2780 576 2847; x_wconf 85' lang='lat' dir='ltr'><strong>Geschiehtdies‚</strong></span> <span class='ocrx_word' id='word_1_244' title='bbox 604 2798 634 2835; x_wconf 89' lang='lat' dir='ltr'><strong>so</strong></span> <span class='ocrx_word' id='word_1_245' title='bbox 654 2785 714 2836; x_wconf 85' lang='lat' dir='ltr'><strong>ent·</strong></span> <span class='ocrx_word' id='word_1_246' title='bbox 769 2781 1110 2852; x_wconf 82' lang='lat' dir='ltr'><strong>gegenaubringen.</strong></span> 
     </span>
     <span class='ocr_line' id='line_1_31' title="bbox 152 2852 1331 2924; baseline 0.005 -20"><span class='ocrx_word' id='word_1_247' title='bbox 152 2852 232 2904; x_wconf 88' lang='lat' dir='ltr'><strong>steht</strong></span> <span class='ocrx_word' id='word_1_248' title='bbox 268 2852 313 2905; x_wconf 93' lang='lat' dir='ltr'><strong>die</strong></span> <span class='ocrx_word' id='word_1_249' title='bbox 350 2852 468 2906; x_wconf 80' lang='lat' dir='ltr'><strong>hdchste</strong></span> <span class='ocrx_word' id='word_1_250' title='bbox 505 2852 625 2922; x_wconf 86' lang='lat' dir='ltr'><strong>geistige</strong></span> <span class='ocrx_word' id='word_1_251' title='bbox 657 2852 715 2906; x_wconf 89' lang='lat' dir='ltr'><strong>und</strong></span> <span class='ocrx_word' id='word_1_252' title='bbox 807 2860 848 2908; x_wconf 82' lang='lat'><strong>16.</strong></span> <span class='ocrx_word' id='word_1_253' title='bbox 880 2860 1000 2909; x_wconf 87' lang='lat' dir='ltr'><strong>naturae</strong></span> <span class='ocrx_word' id='word_1_254' title='bbox 1024 2856 1149 2922; x_wconf 82' lang='lat' dir='ltr'><strong>deorum,</strong></span> <span class='ocrx_word' id='word_1_255' title='bbox 1178 2871 1198 2909; x_wconf 85' lang='lat' dir='ltr'><strong>s.</strong></span> <span class='ocrx_word' id='word_1_256' title='bbox 1214 2854 1235 2924; x_wconf 90' lang='lat'><strong>1,</strong></span> <span class='ocrx_word' id='word_1_257' title='bbox 1254 2861 1288 2910; x_wconf 79' lang='lat'><strong>23</strong></span> <span class='ocrx_word' id='word_1_258' title='bbox 1308 2873 1331 2910; x_wconf 83' lang='lat' dir='ltr'><strong>a.</strong></span> 
     </span>
     <span class='ocr_line' id='line_1_32' title="bbox 154 2921 988 2990; baseline 0.004 -15"><span class='ocrx_word' id='word_1_259' title='bbox 154 2921 333 2990; x_wconf 83' lang='lat' dir='ltr'><strong>kdrperlicbe</strong></span> <span class='ocrx_word' id='word_1_260' title='bbox 365 2923 520 2979; x_wconf 80' lang='lat' dir='ltr'><strong>Schdnheit</strong></span> <span class='ocrx_word' id='word_1_261' title='bbox 552 2925 609 2977; x_wconf 89' lang='lat' dir='ltr'><strong>und</strong></span> <span class='ocrx_word' id='word_1_262' title='bbox 636 2925 714 2978; x_wconf 88' lang='lat' dir='ltr'><strong>Voll·</strong></span> <span class='ocrx_word' id='word_1_263' title='bbox 769 2926 858 2979; x_wconf 84' lang='lat' dir='ltr'><strong>animi</strong></span> <span class='ocrx_word' id='word_1_264' title='bbox 875 2931 988 2980; x_wconf 86' lang='lat' dir='ltr'><strong>natura.</strong></span> 
     </span>
     <span class='ocr_line' id='line_1_33' title="bbox 153 2993 1330 3067; baseline 0.006 -21"><span class='ocrx_word' id='word_1_265' title='bbox 153 2993 467 3064; x_wconf 80' lang='lat' dir='ltr'><strong>konrrnenheit(cnimia</strong></span> <span class='ocrx_word' id='word_1_266' title='bbox 479 2997 658 3066; x_wconf 76' lang='lat' dir='ltr'><strong>pulchritudo</strong></span> <span class='ocrx_word' id='word_1_267' title='bbox 671 3001 713 3050; x_wconf 91' lang='lat' dir='ltr'><strong>at·</strong></span> <span class='ocrx_word' id='word_1_268' title='bbox 813 3013 846 3051; x_wconf 80' lang='lat' dir='ltr'><strong>ex</strong></span> <span class='ocrx_word' id='word_1_269' title='bbox 891 2998 999 3067; x_wconf 83' lang='lat' dir='ltr'><strong>mapnic</strong></span> <span class='ocrx_word' id='word_1_270' title='bbox 1044 2997 1181 3064; x_wconf 73' lang='lat' dir='ltr'><strong>beneficiio</strong></span> <span class='ocrx_word' id='word_1_271' title='bbox 1229 3013 1330 3053; x_wconf 85' lang='lat' dir='ltr'><strong>eorum.</strong></span> 
     </span>
     <span class='ocr_line' id='line_1_34' title="bbox 151 3065 1330 3136; baseline 0.003 -18"><span class='ocrx_word' id='word_1_272' title='bbox 151 3082 204 3134; x_wconf 81' lang='lat' dir='ltr'><strong>qne</strong></span> <span class='ocrx_word' id='word_1_273' title='bbox 223 3068 311 3121; x_wconf 85' lang='lat' dir='ltr'><strong>omnis</strong></span> <span class='ocrx_word' id='word_1_274' title='bbox 329 3068 464 3136; x_wconf 79' lang='lat' dir='ltr'><strong>ornatus).</strong></span> <span class='ocrx_word' id='word_1_275' title='bbox 769 3065 821 3120; x_wconf 90' lang='lat' dir='ltr'><strong>Die</strong></span> <span class='ocrx_word' id='word_1_276' title='bbox 846 3076 849 3081; x_wconf 60' lang='lat'><strong>⁴</strong></span> <span class='ocrx_word' id='word_1_277' title='bbox 871 3066 1221 3136; x_wconf 80' lang='lat' dir='ltr'><strong>Gadanlrenentwiclrlung</strong></span> <span class='ocrx_word' id='word_1_278' title='bbox 1270 3069 1330 3121; x_wconf 74' lang='lat' dir='ltr'><strong>ent</strong></span> 
     </span>
    </p>

    <p class='ocr_par' dir='ltr' id='par_1_5' title="bbox 190 3136 1331 3206">
     <span class='ocr_line' id='line_1_35' title="bbox 190 3136 1331 3206; baseline 0.002 -16"><span class='ocrx_word' id='word_1_279' title='bbox 190 3143 214 3190; x_wconf 82' lang='lat'><strong>3.</strong></span> <span class='ocrx_word' id='word_1_280' title='bbox 234 3139 331 3205; x_wconf 83' lang='lat' dir='ltr'><strong>omnis,</strong></span> <span class='ocrx_word' id='word_1_281' title='bbox 350 3155 371 3193; x_wconf 79' lang='lat' dir='ltr'><strong>a</strong></span> <span class='ocrx_word' id='word_1_282' title='bbox 387 3138 466 3206; x_wconf 80' lang='lat' dir='ltr'><strong>Il,56</strong></span> <span class='ocrx_word' id='word_1_283' title='bbox 481 3158 502 3192; x_wconf 87' lang='lat' dir='ltr'><strong>z.</strong></span> <span class='ocrx_word' id='word_1_284' title='bbox 517 3140 605 3194; x_wconf 82' lang='lat' dir='ltr'><strong>omnic</strong></span> <span class='ocrx_word' id='word_1_285' title='bbox 623 3139 697 3194; x_wconf 83' lang='lat' dir='ltr'><strong>ordo.</strong></span> <span class='ocrx_word' id='word_1_286' title='bbox 766 3138 851 3192; x_wconf 85' lang='lat' dir='ltr'><strong>behrt</strong></span> <span class='ocrx_word' id='word_1_287' title='bbox 879 3139 929 3192; x_wconf 90' lang='lat' dir='ltr'><strong>der</strong></span> <span class='ocrx_word' id='word_1_288' title='bbox 956 3138 1093 3193; x_wconf 82' lang='lat' dir='ltr'><strong>Klarheit.</strong></span> <span class='ocrx_word' id='word_1_289' title='bbox 1145 3136 1243 3193; x_wconf 75' lang='lat' dir='ltr'><strong>Cicero</strong></span> <span class='ocrx_word' id='word_1_290' title='bbox 1272 3138 1331 3192; x_wconf 85' lang='lat' dir='ltr'><strong>will</strong></span> 
     </span>
    </p>

    <p class='ocr_par' dir='ltr' id='par_1_6' title="bbox 192 3208 1331 3278">
     <span class='ocr_line' id='line_1_36' title="bbox 192 3208 1331 3278; baseline 0.003 -18"><span class='ocrx_word' id='word_1_291' title='bbox 192 3214 214 3260; x_wconf 67' lang='grc' dir='ltr'><strong>ὁ,</strong></span> <span class='ocrx_word' id='word_1_292' title='bbox 228 3211 399 3263; x_wconf 84' lang='lat' dir='ltr'><strong>cessantium.</strong></span> <span class='ocrx_word' id='word_1_293' title='bbox 413 3208 609 3278; x_wconf 79' lang='lat' dir='ltr'><strong>Vgl.1‚5rflg.</strong></span> <span class='ocrx_word' id='word_1_294' title='bbox 623 3212 641 3275; x_wconf 88' lang='grc'><strong>1,</strong></span> <span class='ocrx_word' id='word_1_295' title='bbox 654 3215 713 3264; x_wconf 82' lang='grc'><strong>102.</strong></span> <span class='ocrx_word' id='word_1_296' title='bbox 768 3209 881 3278; x_wconf 85' lang='lat' dir='ltr'><strong>aeigen,</strong></span> <span class='ocrx_word' id='word_1_297' title='bbox 896 3208 950 3264; x_wconf 91' lang='lat' dir='ltr'><strong>wie</strong></span> <span class='ocrx_word' id='word_1_298' title='bbox 970 3226 1019 3264; x_wconf 87' lang='lat' dir='ltr'><strong>aus</strong></span> <span class='ocrx_word' id='word_1_299' title='bbox 1039 3209 1104 3263; x_wconf 86' lang='lat' dir='ltr'><strong>dem</strong></span> <span class='ocrx_word' id='word_1_300' title='bbox 1127 3208 1331 3264; x_wconf 87' lang='lat' dir='ltr'><strong>cinheitlichen</strong></span> 
     </span>
    </p>

    <p class='ocr_par' dir='ltr' id='par_1_7' title="bbox 150 3279 1331 3562">
     <span class='ocr_line' id='line_1_37' title="bbox 192 3279 1331 3349; baseline 0.004 -17"><span class='ocrx_word' id='word_1_301' title='bbox 192 3285 215 3332; x_wconf 85' lang='grc'><strong>6.</strong></span> <span class='ocrx_word' id='word_1_302' title='bbox 224 3295 285 3332; x_wconf 89' lang='lat' dir='ltr'><strong>cum</strong></span> <span class='ocrx_word' id='word_1_303' title='bbox 293 3280 384 3333; x_wconf 87' lang='lat' dir='ltr'><strong>labore</strong></span> <span class='ocrx_word' id='word_1_304' title='bbox 391 3296 508 3349; x_wconf 82' lang='lat' dir='ltr'><strong>operoso.</strong></span> <span class='ocrx_word' id='word_1_305' title='bbox 526 3279 714 3336; x_wconf 83' lang='lat' dir='ltr'><strong>DieseW0rtc</strong></span> <span class='ocrx_word' id='word_1_306' title='bbox 769 3279 986 3349; x_wconf 81' lang='lat' dir='ltr'><strong>Gottesbcgriffe</strong></span> <span class='ocrx_word' id='word_1_307' title='bbox 1005 3282 1106 3335; x_wconf 88' lang='lat' dir='ltr'><strong>multae</strong></span> <span class='ocrx_word' id='word_1_308' title='bbox 1124 3282 1197 3335; x_wconf 84' lang='lat' dir='ltr'><strong>aliae</strong></span> <span class='ocrx_word' id='word_1_309' title='bbox 1211 3288 1331 3337; x_wconf 88' lang='lat' dir='ltr'><strong>naturae</strong></span> 
     </span>
     <span class='ocr_line' id='line_1_38' title="bbox 151 3349 1330 3407; baseline 0.005 -7"><span class='ocrx_word' id='word_1_310' title='bbox 151 3349 301 3401; x_wconf 80' lang='lat' dir='ltr'><strong>enthalten</strong></span> <span class='ocrx_word' id='word_1_311' title='bbox 334 3349 396 3404; x_wconf 88' lang='lat' dir='ltr'><strong>eine</strong></span> <span class='ocrx_word' id='word_1_312' title='bbox 424 3350 555 3404; x_wconf 83' lang='lat' dir='ltr'><strong>Antwort</strong></span> <span class='ocrx_word' id='word_1_313' title='bbox 586 3351 638 3405; x_wconf 90' lang='lat' dir='ltr'><strong>auf</strong></span> <span class='ocrx_word' id='word_1_314' title='bbox 667 3351 714 3407; x_wconf 90' lang='lat' dir='ltr'><strong>die</strong></span> <span class='ocrx_word' id='word_1_315' title='bbox 768 3353 879 3407; x_wconf 85' lang='lat' dir='ltr'><strong>deornm</strong></span> <span class='ocrx_word' id='word_1_316' title='bbox 898 3352 1067 3406; x_wconf 86' lang='lat' dir='ltr'><strong>entstanden</strong></span> <span class='ocrx_word' id='word_1_317' title='bbox 1085 3351 1156 3406; x_wconf 86' lang='lat' dir='ltr'><strong>sind.</strong></span> <span class='ocrx_word' id='word_1_318' title='bbox 1189 3351 1280 3407; x_wconf 87' lang='lat' dir='ltr'><strong>Wenn</strong></span> <span class='ocrx_word' id='word_1_319' title='bbox 1301 3368 1330 3406; x_wconf 84' lang='lat' dir='ltr'><strong>es</strong></span> 
     </span>
     <span class='ocr_line' id='line_1_39' title="bbox 153 3418 1331 3492; baseline 0.005 -20"><span class='ocrx_word' id='word_1_320' title='bbox 153 3418 248 3472; x_wconf 83' lang='lat' dir='ltr'><strong>Kritik</strong></span> <span class='ocrx_word' id='word_1_321' title='bbox 266 3420 315 3473; x_wconf 89' lang='lat' dir='ltr'><strong>des</strong></span> <span class='ocrx_word' id='word_1_322' title='bbox 334 3419 467 3476; x_wconf 84' lang='lat' dir='ltr'><strong>Velleius.</strong></span> <span class='ocrx_word' id='word_1_323' title='bbox 506 3421 532 3476; x_wconf 82' lang='lat' dir='ltr'><strong>S.</strong></span> <span class='ocrx_word' id='word_1_324' title='bbox 552 3423 577 3489; x_wconf 89' lang='lat'><strong>1,</strong></span> <span class='ocrx_word' id='word_1_325' title='bbox 597 3429 644 3489; x_wconf 78' lang='lat'><strong>223</strong></span> <span class='ocrx_word' id='word_1_326' title='bbox 666 3429 713 3491; x_wconf 75' lang='lat'><strong>243</strong></span> <span class='ocrx_word' id='word_1_327' title='bbox 767 3422 830 3477; x_wconf 83' lang='lat' dir='ltr'><strong>hier</strong></span> <span class='ocrx_word' id='word_1_328' title='bbox 845 3423 950 3492; x_wconf 88' lang='lat' dir='ltr'><strong>jedoch</strong></span> <span class='ocrx_word' id='word_1_329' title='bbox 959 3421 1331 3492; x_wconf 62' lang='lat' dir='ltr'><strong>heillteccbcncficitkrcorum</strong></span> 
     </span>
     <span class='ocr_line' id='line_1_40' title="bbox 150 3490 1330 3562; baseline 0.006 -20"><span class='ocrx_word' id='word_1_330' title='bbox 150 3490 242 3559; x_wconf 72' lang='lat' dir='ltr'><strong>tlflg.</strong></span> <span class='ocrx_word' id='word_1_331' title='bbox 769 3526 802 3535; x_wconf 91' lang='lat'>—</span> <span class='ocrx_word' id='word_1_332' title='bbox 823 3497 985 3550; x_wconf 76' lang='lat' dir='ltr'><strong>constitutae</strong></span> <span class='ocrx_word' id='word_1_333' title='bbox 1002 3499 1084 3562; x_wconf 80' lang='lat' dir='ltr'><strong>runt,</strong></span> <span class='ocrx_word' id='word_1_334' title='bbox 1108 3511 1139 3548; x_wconf 87' lang='lat' dir='ltr'><strong>so</strong></span> <span class='ocrx_word' id='word_1_335' title='bbox 1158 3493 1255 3549; x_wconf 79' lang='lat' dir='ltr'><strong>wdrde</strong></span> <span class='ocrx_word' id='word_1_336' title='bbox 1283 3494 1330 3549; x_wconf 88' lang='lat' dir='ltr'><strong>die</strong></span> 
     </span>
    </p>

    <p class='ocr_par' dir='ltr' id='par_1_8' title="bbox 190 3559 1331 3635">
     <span class='ocr_line' id='line_1_41' title="bbox 190 3559 1331 3635; baseline 0.004 -20"><span class='ocrx_word' id='word_1_337' title='bbox 190 3567 214 3616; x_wconf 80' lang='grc'><strong>9.</strong></span> <span class='ocrx_word' id='word_1_338' title='bbox 235 3569 370 3616; x_wconf 77' lang='lat' dir='ltr'><strong>concretos</strong></span> <span class='ocrx_word' id='word_1_339' title='bbox 387 3579 494 3617; x_wconf 78' lang='lat' dir='ltr'><strong>umores</strong></span> <span class='ocrx_word' id='word_1_340' title='bbox 508 3559 603 3617; x_wconf 77' lang='lat' dir='ltr'><strong>‘dicke</strong></span> <span class='ocrx_word' id='word_1_341' title='bbox 619 3563 714 3621; x_wconf 64' lang='lat' dir='ltr'><strong>safra.</strong></span> <span class='ocrx_word' id='word_1_342' title='bbox 768 3564 899 3619; x_wconf 84' lang='lat' dir='ltr'><strong>Exietcna</strong></span> <span class='ocrx_word' id='word_1_343' title='bbox 915 3565 995 3635; x_wconf 84' lang='lat' dir='ltr'><strong>jener</strong></span> <span class='ocrx_word' id='word_1_344' title='bbox 1005 3564 1105 3620; x_wconf 77' lang='lat' dir='ltr'><strong>Gttter</strong></span> <span class='ocrx_word' id='word_1_345' title='bbox 1118 3568 1331 3634; x_wconf 80' lang='lat' dir='ltr'><strong>voraurgoeetzt</strong></span> 
     </span>
    </p>

    <p class='ocr_par' dir='ltr' id='par_1_9' title="bbox 149 3635 1331 4202">
     <span class='ocr_line' id='line_1_42' title="bbox 192 3635 1329 3706; baseline 0.004 -20"><span class='ocrx_word' id='word_1_346' title='bbox 192 3639 231 3689; x_wconf 89' lang='lat'><strong>11.</strong></span> <span class='ocrx_word' id='word_1_347' title='bbox 259 3650 481 3703; x_wconf 81' lang='lat' dir='ltr'><strong>nranoprammoa</strong></span> <span class='ocrx_word' id='word_1_348' title='bbox 525 3635 596 3690; x_wconf 91' lang='lat' dir='ltr'><strong>Non.</strong></span> <span class='ocrx_word' id='word_1_349' title='bbox 618 3654 645 3705; x_wconf 89' lang='lat' dir='ltr'><strong>p.</strong></span> <span class='ocrx_word' id='word_1_350' title='bbox 663 3643 712 3691; x_wconf 79' lang='lat'><strong>37:</strong></span> <span class='ocrx_word' id='word_1_351' title='bbox 767 3636 893 3704; x_wconf 84' lang='lat' dir='ltr'><strong>werden,</strong></span> <span class='ocrx_word' id='word_1_352' title='bbox 926 3636 1061 3691; x_wconf 73' lang='lat' dir='ltr'><strong>wahrend</strong></span> <span class='ocrx_word' id='word_1_353' title='bbox 1099 3636 1175 3690; x_wconf 90' lang='lat' dir='ltr'><strong>doch</strong></span> <span class='ocrx_word' id='word_1_354' title='bbox 1205 3636 1329 3706; x_wconf 83' lang='lat' dir='ltr'><strong>nachge-</strong></span> 
     </span>
     <span class='ocr_line' id='line_1_43' title="bbox 149 3705 1329 3777; baseline 0.003 -19"><span class='ocrx_word' id='word_1_355' title='bbox 149 3707 350 3776; x_wconf 80' lang='lat' dir='ltr'><strong>monopramrni</strong></span> <span class='ocrx_word' id='word_1_356' title='bbox 386 3706 455 3760; x_wconf 86' lang='lat' dir='ltr'><strong>dicti</strong></span> <span class='ocrx_word' id='word_1_357' title='bbox 491 3713 555 3761; x_wconf 84' lang='lat' dir='ltr'><strong>sunt</strong></span> <span class='ocrx_word' id='word_1_358' title='bbox 594 3708 714 3762; x_wconf 77' lang='lat' dir='ltr'><strong>homiues</strong></span> <span class='ocrx_word' id='word_1_359' title='bbox 767 3706 871 3761; x_wconf 87' lang='lat' dir='ltr'><strong>wiesen</strong></span> <span class='ocrx_word' id='word_1_360' title='bbox 889 3707 1002 3762; x_wconf 89' lang='lat' dir='ltr'><strong>werden</strong></span> <span class='ocrx_word' id='word_1_361' title='bbox 1021 3707 1086 3777; x_wconf 84' lang='lat' dir='ltr'><strong>soll,</strong></span> <span class='ocrx_word' id='word_1_362' title='bbox 1111 3705 1167 3761; x_wconf 80' lang='lat' dir='ltr'><strong>dall</strong></span> <span class='ocrx_word' id='word_1_363' title='bbox 1191 3706 1238 3761; x_wconf 89' lang='lat' dir='ltr'><strong>die</strong></span> <span class='ocrx_word' id='word_1_364' title='bbox 1256 3707 1329 3761; x_wconf 92' lang='lat' dir='ltr'><strong>Vor-</strong></span> 
     </span>
     <span class='ocr_line' id='line_1_44' title="bbox 153 3776 1331 3848; baseline 0.001 -18"><span class='ocrx_word' id='word_1_365' title='bbox 153 3779 238 3831; x_wconf 90' lang='lat' dir='ltr'><strong>macie</strong></span> <span class='ocrx_word' id='word_1_366' title='bbox 244 3784 388 3846; x_wconf 77' lang='lat' dir='ltr'><strong>pertenues</strong></span> <span class='ocrx_word' id='word_1_367' title='bbox 395 3778 582 3833; x_wconf 85' lang='lat' dir='ltr'><strong>acdecolorcs:</strong></span> <span class='ocrx_word' id='word_1_368' title='bbox 595 3785 714 3833; x_wconf 88' lang='lat' dir='ltr'><strong>tractum</strong></span> <span class='ocrx_word' id='word_1_369' title='bbox 768 3779 893 3848; x_wconf 86' lang='lat' dir='ltr'><strong>stellung</strong></span> <span class='ocrx_word' id='word_1_370' title='bbox 911 3796 966 3834; x_wconf 88' lang='lat' dir='ltr'><strong>von</strong></span> <span class='ocrx_word' id='word_1_371' title='bbox 984 3778 1071 3832; x_wconf 85' lang='lat' dir='ltr'><strong>ilrncn</strong></span> <span class='ocrx_word' id='word_1_372' title='bbox 1090 3780 1149 3834; x_wconf 84' lang='lat' dir='ltr'><strong>ersi</strong></span> <span class='ocrx_word' id='word_1_373' title='bbox 1161 3776 1270 3848; x_wconf 83' lang='lat' dir='ltr'><strong>infolge</strong></span> <span class='ocrx_word' id='word_1_374' title='bbox 1281 3778 1331 3832; x_wconf 88' lang='lat' dir='ltr'><strong>der</strong></span> 
     </span>
     <span class='ocr_line' id='line_1_45' title="bbox 150 3847 1331 3919; baseline 0.002 -19"><span class='ocrx_word' id='word_1_375' title='bbox 150 3865 172 3900; x_wconf 88' lang='lat' dir='ltr'><strong>a</strong></span> <span class='ocrx_word' id='word_1_376' title='bbox 194 3850 323 3916; x_wconf 78' lang='lat' dir='ltr'><strong>pictura,</strong></span> <span class='ocrx_word' id='word_1_377' title='bbox 355 3865 424 3918; x_wconf 83' lang='lat' dir='ltr'><strong>quae</strong></span> <span class='ocrx_word' id='word_1_378' title='bbox 451 3850 615 3918; x_wconf 82' lang='lat' dir='ltr'><strong>priusquam</strong></span> <span class='ocrx_word' id='word_1_379' title='bbox 646 3851 713 3904; x_wconf 86' lang='lat' dir='ltr'><strong>colo·</strong></span> <span class='ocrx_word' id='word_1_380' title='bbox 742 3849 966 3919; x_wconf 53' lang='lat' dir='ltr'><strong>‘Wohlthatem</strong></span> <span class='ocrx_word' id='word_1_381' title='bbox 990 3850 1037 3904; x_wconf 89' lang='lat' dir='ltr'><strong>die</strong></span> <span class='ocrx_word' id='word_1_382' title='bbox 1056 3849 1102 3905; x_wconf 85' lang='lat' dir='ltr'><strong>die</strong></span> <span class='ocrx_word' id='word_1_383' title='bbox 1121 3847 1252 3904; x_wconf 84' lang='lat' dir='ltr'><strong>Gottheit</strong></span> <span class='ocrx_word' id='word_1_384' title='bbox 1274 3849 1331 3904; x_wconf 89' lang='lat' dir='ltr'><strong>den</strong></span> 
     </span>
     <span class='ocr_line' id='line_1_46' title="bbox 151 3919 1330 3991; baseline 0.002 -19"><span class='ocrx_word' id='word_1_385' title='bbox 151 3919 230 3973; x_wconf 84' lang='lat' dir='ltr'><strong>ribus</strong></span> <span class='ocrx_word' id='word_1_386' title='bbox 258 3925 430 3988; x_wconf 85' lang='lat' dir='ltr'><strong>corporatur,</strong></span> <span class='ocrx_word' id='word_1_387' title='bbox 462 3922 560 3975; x_wconf 87' lang='lat' dir='ltr'><strong>umbra</strong></span> <span class='ocrx_word' id='word_1_388' title='bbox 589 3922 713 3991; x_wconf 75' lang='lat' dir='ltr'><strong>finpr&#39;tur.</strong></span> <span class='ocrx_word' id='word_1_389' title='bbox 768 3920 921 3975; x_wconf 82' lang='lat' dir='ltr'><strong>Menschen</strong></span> <span class='ocrx_word' id='word_1_390' title='bbox 935 3939 968 3974; x_wconf 85' lang='lat' dir='ltr'><strong>zu</strong></span> <span class='ocrx_word' id='word_1_391' title='bbox 981 3921 1034 3976; x_wconf 86' lang='lat' dir='ltr'><strong>teil</strong></span> <span class='ocrx_word' id='word_1_392' title='bbox 1048 3920 1161 3975; x_wconf 87' lang='lat' dir='ltr'><strong>werden</strong></span> <span class='ocrx_word' id='word_1_393' title='bbox 1174 3919 1249 3988; x_wconf 78' lang='lat' dir='ltr'><strong>leot,</strong></span> <span class='ocrx_word' id='word_1_394' title='bbox 1269 3923 1330 3974; x_wconf 77' lang='lat' dir='ltr'><strong>ent-</strong></span> 
     </span>
     <span class='ocr_line' id='line_1_47' title="bbox 153 3989 1329 4062; baseline 0.003 -20"><span class='ocrx_word' id='word_1_395' title='bbox 153 3989 217 4059; x_wconf 87' lang='lat' dir='ltr'><strong>Vgl.</strong></span> <span class='ocrx_word' id='word_1_396' title='bbox 237 3991 257 4056; x_wconf 88' lang='lat' dir='ltr'><strong>I,</strong></span> <span class='ocrx_word' id='word_1_397' title='bbox 283 3997 331 4045; x_wconf 79' lang='lat'><strong>75:</strong></span> <span class='ocrx_word' id='word_1_398' title='bbox 358 3992 584 4046; x_wconf 85' lang='lat' dir='ltr'><strong>adumbratorum</strong></span> <span class='ocrx_word' id='word_1_399' title='bbox 604 3994 714 4046; x_wconf 87' lang='lat' dir='ltr'><strong>deorum</strong></span> <span class='ocrx_word' id='word_1_400' title='bbox 768 3992 889 4046; x_wconf 83' lang='lat' dir='ltr'><strong>standon</strong></span> <span class='ocrx_word' id='word_1_401' title='bbox 907 3991 952 4046; x_wconf 86' lang='lat' dir='ltr'><strong>ist.</strong></span> <span class='ocrx_word' id='word_1_402' title='bbox 991 3991 1017 4047; x_wconf 83' lang='lat' dir='ltr'><strong>S.</strong></span> <span class='ocrx_word' id='word_1_403' title='bbox 1038 3991 1085 4046; x_wconf 91' lang='lat' dir='ltr'><strong>die</strong></span> <span class='ocrx_word' id='word_1_404' title='bbox 1103 3991 1284 4062; x_wconf 79' lang='lat' dir='ltr'><strong>Bemerlnmg</strong></span> <span class='ocrx_word' id='word_1_405' title='bbox 1307 4010 1329 4046; x_wconf 84' lang='lat' dir='ltr'><strong>a.</strong></span> 
     </span>
     <span class='ocr_line' id='line_1_48' title="bbox 150 4061 1178 4129; baseline 0.004 -15"><span class='ocrx_word' id='word_1_406' title='bbox 150 4061 328 4128; x_wconf 79' lang='lat' dir='ltr'><strong>liniamenta,</strong></span> <span class='ocrx_word' id='word_1_407' title='bbox 339 4062 359 4129; x_wconf 88' lang='grc'><strong>1,</strong></span> <span class='ocrx_word' id='word_1_408' title='bbox 379 4069 440 4117; x_wconf 80' lang='lat'><strong>123:</strong></span> <span class='ocrx_word' id='word_1_409' title='bbox 455 4063 624 4117; x_wconf 79' lang='lat' dir='ltr'><strong>liniamentis</strong></span> <span class='ocrx_word' id='word_1_410' title='bbox 637 4063 714 4117; x_wconf 89' lang='lat' dir='ltr'><strong>dum·</strong></span> <span class='ocrx_word' id='word_1_411' title='bbox 770 4065 914 4118; x_wconf 81' lang='lat' dir='ltr'><strong>constituti</strong></span> <span class='ocrx_word' id='word_1_412' title='bbox 930 4071 996 4118; x_wconf 83' lang='lat' dir='ltr'><strong>sunt</strong></span> <span class='ocrx_word' id='word_1_413' title='bbox 1014 4065 1040 4119; x_wconf 85' lang='lat' dir='ltr'><strong>ei</strong></span> <span class='ocrx_word' id='word_1_414' title='bbox 1057 4065 1088 4118; x_wconf 86' lang='lat' dir='ltr'><strong>di</strong></span> <span class='ocrx_word' id='word_1_415' title='bbox 1106 4069 1121 4128; x_wconf 70' lang='grc' dir='ltr'>ξ</span> <span class='ocrx_word' id='word_1_416' title='bbox 1136 4069 1178 4118; x_wconf 79' lang='lat'><strong>62.</strong></span> 
     </span>
     <span class='ocr_line' id='line_1_49' title="bbox 152 4133 1330 4202; baseline 0.001 -16"><span class='ocrx_word' id='word_1_417' title='bbox 152 4138 231 4187; x_wconf 77' lang='lat' dir='ltr'><strong>tanat</strong></span> <span class='ocrx_word' id='word_1_418' title='bbox 249 4135 383 4187; x_wconf 78' lang='lat' dir='ltr'><strong>extremis.</strong></span> <span class='ocrx_word' id='word_1_419' title='bbox 807 4140 847 4188; x_wconf 81' lang='lat' dir='ltr'><strong>tt.</strong></span> <span class='ocrx_word' id='word_1_420' title='bbox 875 4151 933 4189; x_wconf 92' lang='lat' dir='ltr'><strong>non</strong></span> <span class='ocrx_word' id='word_1_421' title='bbox 954 4136 1014 4189; x_wconf 83' lang='lat' dir='ltr'><strong>rinc</strong></span> <span class='ocrx_word' id='word_1_422' title='bbox 1042 4151 1135 4202; x_wconf 83' lang='lat' dir='ltr'><strong>causa,</strong></span> <span class='ocrx_word' id='word_1_423' title='bbox 1163 4133 1226 4190; x_wconf 88' lang='lat' dir='ltr'><strong>eine</strong></span> <span class='ocrx_word' id='word_1_424' title='bbox 1254 4133 1330 4189; x_wconf 85' lang='lat' dir='ltr'><strong>Kon-</strong></span> 
     </span>
    </p>

    <p class='ocr_par' dir='ltr' id='par_1_10' title="bbox 148 4203 1331 4346">
     <span class='ocr_line' id='line_1_50' title="bbox 191 4203 1331 4275; baseline 0.004 -19"><span class='ocrx_word' id='word_1_425' title='bbox 191 4210 230 4256; x_wconf 82' lang='lat'><strong>12.</strong></span> <span class='ocrx_word' id='word_1_426' title='bbox 242 4205 430 4273; x_wconf 73' lang='lat' dir='ltr'><strong>pulcherrima</strong></span> <span class='ocrx_word' id='word_1_427' title='bbox 438 4205 537 4273; x_wconf 81' lang='lat' dir='ltr'><strong>farina,</strong></span> <span class='ocrx_word' id='word_1_428' title='bbox 550 4204 596 4258; x_wconf 90' lang='lat' dir='ltr'><strong>die</strong></span> <span class='ocrx_word' id='word_1_429' title='bbox 609 4204 713 4275; x_wconf 82' lang='lat' dir='ltr'><strong>Kugel-</strong></span> <span class='ocrx_word' id='word_1_430' title='bbox 768 4204 877 4259; x_wconf 83' lang='lat' dir='ltr'><strong>aession</strong></span> <span class='ocrx_word' id='word_1_431' title='bbox 898 4222 935 4259; x_wconf 90' lang='lat' dir='ltr'><strong>an</strong></span> <span class='ocrx_word' id='word_1_432' title='bbox 959 4205 1004 4259; x_wconf 89' lang='lat' dir='ltr'><strong>die</strong></span> <span class='ocrx_word' id='word_1_433' title='bbox 1021 4203 1246 4274; x_wconf 61' lang='lat' dir='ltr'><strong>Voltureligioa</strong></span> <span class='ocrx_word' id='word_1_434' title='bbox 1276 4203 1331 4260; x_wconf 87' lang='lat' dir='ltr'><strong>wie</strong></span> 
     </span>
     <span class='ocr_line' id='line_1_51' title="bbox 148 4274 1330 4346; baseline 0.003 -19"><span class='ocrx_word' id='word_1_435' title='bbox 148 4274 272 4343; x_wconf 65' lang='lat' dir='ltr'><strong>gemuli,</strong></span> <span class='ocrx_word' id='word_1_436' title='bbox 292 4293 313 4330; x_wconf 83' lang='lat' dir='ltr'><strong>e.</strong></span> <span class='ocrx_word' id='word_1_437' title='bbox 326 4276 404 4344; x_wconf 80' lang='lat'>1,24;</span> <span class='ocrx_word' id='word_1_438' title='bbox 424 4275 459 4342; x_wconf 88' lang='grc' dir='ltr'><strong>ΙΙ,</strong></span> <span class='ocrx_word' id='word_1_439' title='bbox 469 4280 512 4330; x_wconf 85' lang='grc'><strong>47.</strong></span> <span class='ocrx_word' id='word_1_440' title='bbox 768 4280 841 4342; x_wconf 54' lang='lat'><strong>562:</strong></span> <span class='ocrx_word' id='word_1_441' title='bbox 856 4278 908 4331; x_wconf 83' lang='lat' dir='ltr'><strong>rite</strong></span> <span class='ocrx_word' id='word_1_442' title='bbox 922 4283 987 4332; x_wconf 81' lang='lat' dir='ltr'><strong>runt</strong></span> <span class='ocrx_word' id='word_1_443' title='bbox 1000 4278 1097 4332; x_wconf 76' lang='lat' dir='ltr'><strong>taciti.</strong></span> <span class='ocrx_word' id='word_1_444' title='bbox 1116 4276 1182 4346; x_wconf 83' lang='lat' dir='ltr'><strong>Vgl.</strong></span> <span class='ocrx_word' id='word_1_445' title='bbox 1192 4274 1266 4331; x_wconf 78' lang='lat' dir='ltr'><strong>Einl.</strong></span> <span class='ocrx_word' id='word_1_446' title='bbox 1277 4281 1293 4342; x_wconf 66' lang='grc'><strong>5</strong></span> <span class='ocrx_word' id='word_1_447' title='bbox 1304 4282 1330 4331; x_wconf 80' lang='grc'><strong>9.</strong></span> 
     </span>
    </p>

    <p class='ocr_par' dir='ltr' id='par_1_11' title="bbox 150 4345 1332 4500">
     <span class='ocr_line' id='line_1_52' title="bbox 187 4345 1332 4418; baseline 0 -17"><span class='ocrx_word' id='word_1_448' title='bbox 187 4351 340 4411; x_wconf 76' lang='lat' dir='ltr'><strong>§to-72.</strong></span> <span class='ocrx_word' id='word_1_449' title='bbox 377 4345 445 4401; x_wconf 85' lang='lat' dir='ltr'><strong>Die</strong></span> <span class='ocrx_word' id='word_1_450' title='bbox 478 4345 616 4402; x_wconf 81' lang='lat' dir='ltr'><strong>Gdtter</strong></span> <span class='ocrx_word' id='word_1_451' title='bbox 648 4348 712 4402; x_wconf 86' lang='lat' dir='ltr'><strong>des</strong></span> <span class='ocrx_word' id='word_1_452' title='bbox 803 4347 1332 4418; x_wconf 73' lang='lat' dir='ltr'><strong>adracciaeeapienticcimie,soron</strong></span> 
     </span>
     <span class='ocr_line' id='line_1_53' title="bbox 150 4415 1332 4500; baseline 0.003 -30"><span class='ocrx_word' id='word_1_453' title='bbox 150 4415 290 4474; x_wconf 83' lang='lat' dir='ltr'><strong>Volkee.</strong></span> <span class='ocrx_word' id='word_1_454' title='bbox 309 4417 386 4470; x_wconf 86' lang='lat' dir='ltr'><strong>Man</strong></span> <span class='ocrx_word' id='word_1_455' title='bbox 400 4416 515 4473; x_wconf 85' lang='lat' dir='ltr'><strong>findet</strong></span> <span class='ocrx_word' id='word_1_456' title='bbox 527 4418 619 4474; x_wconf 79' lang='lat' dir='ltr'><strong>viclo</strong></span> <span class='ocrx_word' id='word_1_457' title='bbox 637 4435 712 4474; x_wconf 85' lang='lat' dir='ltr'><strong>ver·</strong></span> <span class='ocrx_word' id='word_1_458' title='bbox 766 4417 1332 4500; x_wconf 64' lang='lat' dir='ltr'><strong>PegaseasundProdikus(a§88u.118).</strong></span> 
     </span>
    </p>
   </div>
   <div class='ocr_carea' id='block_1_5' title="bbox 0 0 1400 4800">
    <p class='ocr_par' dir='ltr' id='par_1_12' title="bbox 0 0 1400 4800">
     <span class='ocr_line' id='line_1_54' title="bbox 0 0 1400 4800; baseline 0 2"><span class='ocrx_word' id='word_1_459' title='bbox 0 0 1400 4800; x_wconf 95' lang='lat' dir='ltr'><strong> </strong></span> 
     </span>
    </p>
   </div>
  </div>
 </body>
</html>
